2734 4167
265 203 342 268 72
1040 198 1158 250 DE·
1194 198 1451 250 BELLO
1499 198 1580 250 01
1583 199 1750 254 VILI

385 383 535 439 sese,
560 361 717 425 'cum
759 382 915 442 opus
957 364 1135 440 esset,
1170 361 1426 443 signum
1465 362 1689 442 proelii
1730 363 2031 425 daturum
2072 367 2138 426 et
2180 363 2349 445 quod
2388 379 2534 425 rem

383 461 699 541 postulare
745 458 1134 539 cognovisset
1176 457 1655 537 imperaturum.
1750 458 1962 536 Curio,
2009 462 2096 522 ad-
2138 460 2534 542 superiorem
2575 445 2602 464 ³

385 576 561 636 spem
588 556 806 617 addita
824 554 1170 635 praesentis
1198 554 1501 634 temporis
1529 555 1845 635 opinione,
1873 556 2083 618 hostes
2110 559 2333 638 sugere
2361 557 2535 620 arbi-

385 656 590 715 tratus
618 653 828 733 copias
855 673 932 715 ex
958 654 1111 714 locis
1152 652 1578 733 superioribus
1618 653 1688 714 in
1728 673 2025 733 campum
2053 654 2249 715 ducit.
2341 654 2524 717 XLI.

307 756 343 813 5
388 750 630 826 Quibus
675 771 752 812 ex
791 751 945 813 locis
985 750 1418 838 cum-longuis
1459 739 1624 842 ess-et
1659 770 2039 839 progressu&
2073 751 2365 820 confecto
2391 750 2535 830 jam

383 848 598 928 labore
623 847 906 928 exercitu
928 864 1055 908 xVI
1072 847 1335 929 milium
1362 846 1575 932 spati-o,
1594 847 1899 924 constitit.
1964 847 2095 908 Dat
2116 845 2245 908 suis
2272 845 2537 926 signum

389 943 681 1019 Saburra,
715 943 915 1005 aciem
959 943 1293 1005 constituit
1320 946 1387 1004 et
1415 936 1746 1005 circumire
1776 916 2026 1005 ordines
2067 946 2257 1024 atque
2285 940 2534 1003 hortari
2649 959 2659 968 ·

387 1041 655 1121 incipit3
704 1041 813 1103 sed
859 1041 1152 1121 peditatu
1201 1041 1514 1102 duntaxat
1561 1042 1782 1121 procul
1831 1042 1911 1103 ad
1949 1041 2239 1121 'speciem
2293 1040 2528 1116 utitur,

388 1138 631 1219 equites
672 1138 741 1199 in
781 1137 981 1200 aciem
1022 1138 1244 1200 mittit.
1335 1138 1486 1199 Non
1514 1138 1689 1200 deest
1729 1139 1982 1219 negotio
2013 1137 2226 1214 Ourio,
2261 1156 2534 1217 suosque

270 1238 348 1296 10
389 1235 684 1297 hortatur
709 1237 785 1295 ut
813 1254 989 1314 spem
1018 1254 1272 1296 omnem
1300 1234 1371 1295 in
1397 1233 1634 1296 virtute
1663 1238 1989 1314 reponant.
2082 1235 2182 1296 Ne
2217 1233 2534 1295 militibus

389 1331 667 1413 quidem,
715 1335 790 1392 ut
838 1332 1118 1407 defessis,
1165 1351 1369 1412 neque
1419 1331 1757 1412 equitibus,
1812 1317 1887 1392 ut
1935 1331 2153 1412 paucis
2202 1334 2267 1392 et
2314 1330 2531 1392 labore

389 1428 714 1503 consectis,
749 1428 1034 1489 studium
1079 1429 1161 1490 ad
1201 1429 1622 1509 pugnandum
1647 1429 1971 1508 virtusque
2001 1430 2215 1490 deerat
2241 1450 2258 1505 ;
2307 1429 2418 1489 sed
2460 1427 2532 1488 hi

374 1527 569 1587 ,erant
597 1545 863 1586 numero
892 1542 990 1600 ce,
1023 1525 1252 1605 reliqui
1280 1525 1349 1586 in
1386 1525 1612 1587 itinere
1640 1526 2069 1587 substiterant.
2162 1525 2275 1601 Hi,
2310 1545 2532 1605 quam-

389 1642 659 1702 cumque
689 1622 758 1682 in
775 1624 1021 1701 partem
1043 1622 1357 1701 impetum
1378 1622 1684 1698 fecerant,
1710 1622 1921 1683 hostes
1939 1622 2077 1683 loco
2099 1622 2319 1684 cedere
2347 1641 2532 1704 coge-

270 1723 345 1781 15
388 1720 564 1794 bant,
598 1719 705 1780 sed
733 1738 937 1799 neque
965 1718 1215 1800 longius
1241 1718 1563 1799 fugientes
1603 1718 1892 1799 prosequi
1933 1739 2050 1781 nec
2091 1718 2532 1780 vehementius

390 1835 580 1896 equos
629 1814 893 1877 incitare
933 1818 1246 1896 poterant.
1337 1815 1429 1876 At
1470 1816 1789 1896 equitatus
1829 1815 2109 1880 hostium
2150 1816 2229 1877 ab
2256 1817 2530 1896 utroque

388 1932 584 1973 cornu
626 1912 957 1974 circumire
999 1912 1200 1974 aciem
1239 1915 1521 1973 nostram
1550 1914 1615 1973 et
1641 1931 1886 1974 aversos
1913 1915 2230 1992 proterere
2272 1911 2522 1992 incipit.

392 2009 556 2071 Cum
584 2010 871 2072 cohortes
899 2029 977 2072 ex
1004 2010 1134 2071 acie
1162 2009 1721 2091 procucurrissent,
1757 2008 2075 2071 Numidae
2104 2009 2340 2091 integ-ri
2370 2010 2531 2071 cele-

389 2105 576 2168 ritate
626 2105 941 2186 impetum
981 2109 1340 2168 nostrorum
1386 2089 1776 2188 effugiebant
1802 2125 2140 2186 rursusque
2169 2106 2250 2167 ad
2279 2106 2532 2168 ordines

269 2205 349 2263 20
389 2222 533 2263 suos
573 2222 638 2264 se
680 2203 1054 2282 recipientes
1082 2202 1503 2265 circumibant
1530 2206 1595 2265 et
1628 2203 1707 2264 ab
1735 2203 1866 2265 acie
1896 2202 2332 2265 excludebant.
2428 2202 2531 2265 Sic

388 2318 592 2379 neque
621 2299 689 2361 in
718 2301 853 2362 loco
882 2319 1135 2361 manere
1165 2299 1538 2380 ordinesque
1567 2318 1808 2362 servare
1836 2319 2040 2380 neque
2069 2317 2437 2380 procurrere
2467 2301 2532 2361 et

389 2416 602 2457 casum
645 2397 851 2459 subire
880 2400 1098 2458 tutum
1125 2396 1475 2459 videbatur.
1568 2396 1870 2457 Hostium
1919 2396 2133 2476 copiae
2183 2397 2533 2459 summissis

389 2494 467 2552 ab
496 2512 640 2573 rege
669 2492 918 2554 auxiliis
963 2494 1177 2556 crebro
1212 2493 1647 2574 augebantur3
1695 2496 1939 2554 nostros
1967 2493 2130 2554 vires
2155 2493 2531 2555 lassitudine
2610 2557 2616 2564 ,

274 2641 291 2654 ,
391 2587 785 2663 deficiebant,
821 2589 1010 2650 simul
1039 2588 1085 2648 ii
1115 2589 1223 2669 qui
1252 2588 1515 2651 vulnera
1543 2591 1912 2667 acceperant
1939 2608 2144 2668 neque
2188 2589 2321 2650 acie
2355 2608 2533 2652 exce-

270 2686 348 2743 25
392 2683 538 2745 dere
568 2703 772 2764 neque
801 2683 870 2745 in
896 2685 1110 2746 locum
1150 2687 1366 2745 tutum
1409 2683 1632 2746 referri
1659 2686 1973 2763 poterant,
2008 2685 2177 2764 quod
2205 2686 2344 2746 tota
2371 2685 2534 2748 acies

391 2779 679 2859 equitatu
707 2780 989 2842 hostium
1036 2780 1427 2842 circumdata
1475 2780 1826 2841 tenebatuf.
1920 2779 2011 2840 Hi
2054 2781 2132 2843 de
2175 2801 2288 2843 sua
2329 2783 2533 2846 salute

391 2874 811 2954 desperantes,
845 2879 920 2937 ut
969 2879 1250 2939 extremo
1297 2877 1464 2938 vitae
1507 2879 1790 2956 tempore
1818 2876 2107 2939 homines
2134 2878 2343 2941 facere
2386 2900 2533 2942 con—

391 2974 676 3047 suerunt,
711 2974 821 3033 aut
865 2991 1043 3034 suam
1085 2975 1353 3035 mortem
1396 2972 1856 3036 miserabantur
1903 2975 2014 3035 aut
2056 2977 2348 3055 parentes
2392 2996 2534 3039 suos

392 3068 937 3144 commendabant,
971 3069 1023 3130 si
1053 3089 1207 3150 quos
1235 3089 1312 3131 ex
1352 3089 1427 3131 eo
1468 3069 1748 3148 periculo
1777 3070 2039 3131 fortuna
2074 3089 2316 3132 servare
2345 3074 2535 3151 potu-

272 3165 351 3223 30
393 3162 557 3225 isset.
649 3163 846 3226 Plena
893 3168 1072 3227 erant
1101 3165 1313 3227 omnia
1341 3165 1587 3227 timoris
1615 3169 1679 3227 et
1718 3166 1947 3229 luctus.
2040 3166 2252 3228 XLII.
2314 3166 2529 3243 Ouri0,

392 3259 501 3319 ubi
530 3260 878 3338 perterritis
921 3260 1211 3322 omnibus
1251 3280 1455 3340 neque
1486 3261 1947 3324 cohortationes
1988 3283 2129 3324 sua-s
2158 3283 2367 3343 neque
2396 3284 2535 3344 pre-

394 3372 493 3414 ces
542 3356 746 3416 audiri
796 3356 1130 3436 intellegit,
1165 3376 1380 3430 unam,
1416 3359 1490 3416 ut
1531 3356 1600 3416 in
1642 3357 1885 3419 miseris
1927 3360 2134 3433 rebus,
2171 3379 2349 3438 spem
2392 3360 2535 3422 reli-

395 3467 583 3526 quam
612 3451 827 3511 salutis
855 3470 982 3513 esse
1012 3450 1349 3512 arbitratus
1378 3452 1694 3532 proximos
1735 3454 1922 3516 colles
1957 3474 2177 3535 capere
2205 3456 2535 3518 universos

391 3544 580 3620 atque
611 3563 682 3603 eo
711 3544 888 3624 signa
909 3546 1129 3607 inferri
1153 3548 1352 3627 jubet.
1419 3548 1554 3610 Hos
1583 3569 1829 3631 quoque
1859 3555 2278 3632 praeoccupat
2307 3552 2534 3615 missus

275 3636 353 3693 35
395 3653 432 3693 a
461 3634 731 3722 Saburra
758 3640 1090 3719 equitatus,
1186 3642 1355 3703 Tum
1397 3663 1541 3705 vero
1577 3646 1657 3706 ad
1684 3663 1998 3708 summam
2027 3647 2535 3727 desperationem
2585 3713 2590 3716 .

394 3729 592 3788 nostri
620 3733 997 3809 perveniunt
1025 3739 1091 3798 et
1117 3737 1351 3818 partim
1372 3738 1692 3821 fugientes
1719 3743 1797 3804 ab
1820 3742 2109 3823 equitatu
2137 3743 2535 3809 interficiun-
