<?xml version="1.0" encoding="UTF-8"?>
<!DOCTYPE html PUBLIC "-//W3C//DTD XHTML 1.0 Transitional//EN"
    "http://www.w3.org/TR/xhtml1/DTD/xhtml1-transitional.dtd">
<html xmlns="http://www.w3.org/1999/xhtml" xml:lang="en" lang="en">
 <head>
  <title>
</title>
<meta http-equiv="Content-Type" content="text/html;charset=utf-8" />
  <meta name='ocr-system' content='tesseract 3.04.00' />
  <meta name='ocr-capabilities' content='ocr_page ocr_carea ocr_par ocr_line ocrx_word'/>
</head>
<body>
  <div class='ocr_page' id='page_1' title='image "./cjuliicaesarisd00perrgoog_0129.png"; bbox 0 0 2734 4167; ppageno 0'>
   <div class='ocr_carea' id='block_1_1' title="bbox 315 204 1803 272">
    <p class='ocr_par' dir='ltr' id='par_1_1' title="bbox 315 204 1803 272">
     <span class='ocr_line' id='line_1_1' title="bbox 315 204 1803 272; baseline -0.011 -1"><span class='ocrx_word' id='word_1_1' title='bbox 315 213 430 272; x_wconf 86' lang='lat'>118</span> <span class='ocrx_word' id='word_1_2' title='bbox 1066 205 1185 258; x_wconf 73' lang='lat' dir='ltr'>DE</span> <span class='ocrx_word' id='word_1_3' title='bbox 1223 204 1489 257; x_wconf 73' lang='lat' dir='ltr'>BELLo</span> <span class='ocrx_word' id='word_1_4' title='bbox 1539 205 1803 258; x_wconf 73' lang='lat' dir='ltr'><em>OJVJLJ</em></span> 
     </span>
    </p>
   </div>
   <div class='ocr_carea' id='block_1_2' title="bbox 313 366 2573 3921">
    <p class='ocr_par' dir='ltr' id='par_1_2' title="bbox 313 366 2573 3921">
     <span class='ocr_line' id='line_1_2' title="bbox 431 366 2573 450; baseline 0 -19"><span class='ocrx_word' id='word_1_5' title='bbox 431 390 553 432; x_wconf 90' lang='lat' dir='ltr'>usu</span> <span class='ocrx_word' id='word_1_6' title='bbox 579 368 768 450; x_wconf 81' lang='lat' dir='ltr'>periti</span> <span class='ocrx_word' id='word_1_7' title='bbox 797 389 869 431; x_wconf 88' lang='lat' dir='ltr'>ac</span> <span class='ocrx_word' id='word_1_8' title='bbox 910 368 1337 448; x_wconf 88' lang='lat' dir='ltr'>superioribus</span> <span class='ocrx_word' id='word_1_9' title='bbox 1378 366 1611 448; x_wconf 83' lang='lat' dir='ltr'>pugnis</span> <span class='ocrx_word' id='word_1_10' title='bbox 1653 367 1976 429; x_wconf 77' lang='lat' dir='ltr'>exercitati</span> <span class='ocrx_word' id='word_1_11' title='bbox 2007 388 2121 430; x_wconf 89' lang='lat' dir='ltr'>sua</span> <span class='ocrx_word' id='word_1_12' title='bbox 2160 372 2396 449; x_wconf 68' lang='lat' dir='ltr'>sponte</span> <span class='ocrx_word' id='word_1_13' title='bbox 2426 388 2573 432; x_wconf 89' lang='lat' dir='ltr'>cur-</span> 
     </span>
     <span class='ocr_line' id='line_1_3' title="bbox 431 461 2565 544; baseline -0.001 -15"><span class='ocrx_word' id='word_1_14' title='bbox 431 486 574 529; x_wconf 86' lang='lat' dir='ltr'>sum</span> <span class='ocrx_word' id='word_1_15' title='bbox 612 468 1042 544; x_wconf 88' lang='lat' dir='ltr'>represserunt</span> <span class='ocrx_word' id='word_1_16' title='bbox 1085 466 1150 526; x_wconf 90' lang='lat' dir='ltr'>et</span> <span class='ocrx_word' id='word_1_17' title='bbox 1186 464 1267 524; x_wconf 89' lang='lat' dir='ltr'>ad</span> <span class='ocrx_word' id='word_1_18' title='bbox 1295 463 1579 524; x_wconf 82' lang='lat' dir='ltr'>medium</span> <span class='ocrx_word' id='word_1_19' title='bbox 1620 461 1751 525; x_wconf 74' lang='lat' dir='ltr'>fere</span> <span class='ocrx_word' id='word_1_20' title='bbox 1794 464 2072 543; x_wconf 86' lang='lat' dir='ltr'>spatium</span> <span class='ocrx_word' id='word_1_21' title='bbox 2112 465 2565 542; x_wconf 87' lang='lat' dir='ltr'>constiterunt,</span> 
     </span>
     <span class='ocr_line' id='line_1_4' title="bbox 431 558 2572 641; baseline 0.001 -19"><span class='ocrx_word' id='word_1_22' title='bbox 431 582 512 623; x_wconf 90' lang='lat' dir='ltr'>ne</span> <span class='ocrx_word' id='word_1_23' title='bbox 540 560 931 640; x_wconf 78' lang='lat' dir='ltr'><strong>consumptis</strong></span> <span class='ocrx_word' id='word_1_24' title='bbox 957 559 1199 622; x_wconf 82' lang='lat' dir='ltr'>viribus</span> <span class='ocrx_word' id='word_1_25' title='bbox 1227 558 1828 638; x_wconf 78' lang='lat' dir='ltr'>appropinquarent,</span> <span class='ocrx_word' id='word_1_26' title='bbox 1863 579 2179 641; x_wconf 81' lang='lat' dir='ltr'>parvoque</span> <span class='ocrx_word' id='word_1_27' title='bbox 2208 560 2572 624; x_wconf 90' lang='lat' dir='ltr'>intermisso</span> 
     </span>
     <span class='ocr_line' id='line_1_5' title="bbox 431 655 2570 736; baseline 0.001 -19"><span class='ocrx_word' id='word_1_28' title='bbox 431 655 734 736; x_wconf 88' lang='lat' dir='ltr'>temporis</span> <span class='ocrx_word' id='word_1_29' title='bbox 765 655 967 735; x_wconf 85' lang='lat' dir='ltr'>spatio</span> <span class='ocrx_word' id='word_1_30' title='bbox 1008 674 1080 717; x_wconf 90' lang='lat' dir='ltr'>ac</span> <span class='ocrx_word' id='word_1_31' title='bbox 1121 672 1337 715; x_wconf 87' lang='lat' dir='ltr'>rursus</span> <span class='ocrx_word' id='word_1_32' title='bbox 1365 656 1665 716; x_wconf 78' lang='lat' dir='ltr'>renovato</span> <span class='ocrx_word' id='word_1_33' title='bbox 1694 674 1881 716; x_wconf 90' lang='lat' dir='ltr'>cursu</span> <span class='ocrx_word' id='word_1_34' title='bbox 1909 655 2040 734; x_wconf 89' lang='lat' dir='ltr'>pila</span> <span class='ocrx_word' id='word_1_35' title='bbox 2068 656 2570 725; x_wconf 57' lang='lat' dir='ltr'>miseruntssele-</span> 
     </span>
     <span class='ocr_line' id='line_1_6' title="bbox 353 742 2563 834; baseline 0.001 -20"><span class='ocrx_word' id='word_1_36' title='bbox 353 757 390 814; x_wconf 82' lang='lat'><strong>5</strong></span> <span class='ocrx_word' id='word_1_37' title='bbox 433 751 728 831; x_wconf 86' lang='lat' dir='ltr'>riterque,</span> <span class='ocrx_word' id='word_1_38' title='bbox 763 753 839 811; x_wconf 89' lang='lat' dir='ltr'>ut</span> <span class='ocrx_word' id='word_1_39' title='bbox 866 752 999 813; x_wconf 87' lang='lat' dir='ltr'>erat</span> <span class='ocrx_word' id='word_1_40' title='bbox 1025 753 1434 830; x_wconf 87' lang='lat' dir='ltr'>praeceptum</span> <span class='ocrx_word' id='word_1_41' title='bbox 1475 770 1514 811; x_wconf 87' lang='lat' dir='ltr'>a</span> <span class='ocrx_word' id='word_1_42' title='bbox 1557 743 1831 826; x_wconf 81' lang='lat' dir='ltr'>Caesare,</span> <span class='ocrx_word' id='word_1_43' title='bbox 1865 742 2105 834; x_wconf 86' lang='lat' dir='ltr'>gladios</span> <span class='ocrx_word' id='word_1_44' title='bbox 2146 753 2563 818; x_wconf 82' lang='lat' dir='ltr'>strinxerunt.</span> 
     </span>
     <span class='ocr_line' id='line_1_7' title="bbox 433 845 2571 927; baseline 0.001 -19"><span class='ocrx_word' id='word_1_45' title='bbox 433 847 655 927; x_wconf 82' lang='lat' dir='ltr'>Neque</span> <span class='ocrx_word' id='word_1_46' title='bbox 701 865 849 908; x_wconf 79' lang='lat' dir='ltr'>vero</span> <span class='ocrx_word' id='word_1_47' title='bbox 889 846 1261 926; x_wconf 89' lang='lat' dir='ltr'>Pompeiani</span> <span class='ocrx_word' id='word_1_48' title='bbox 1309 846 1461 907; x_wconf 91' lang='lat' dir='ltr'>huic</span> <span class='ocrx_word' id='word_1_49' title='bbox 1503 845 1593 908; x_wconf 91' lang='lat' dir='ltr'>rei</span> <span class='ocrx_word' id='word_1_50' title='bbox 1636 847 1995 910; x_wconf 78' lang='lat' dir='ltr'>defuerunt.</span> <span class='ocrx_word' id='word_1_51' title='bbox 2102 848 2271 910; x_wconf 88' lang='lat' dir='ltr'>Nam</span> <span class='ocrx_word' id='word_1_52' title='bbox 2326 853 2391 912; x_wconf 91' lang='lat' dir='ltr'>et</span> <span class='ocrx_word' id='word_1_53' title='bbox 2440 850 2571 912; x_wconf 87' lang='lat' dir='ltr'>tela</span> 
     </span>
     <span class='ocr_line' id='line_1_8' title="bbox 432 934 2568 1024; baseline 0.002 -20"><span class='ocrx_word' id='word_1_54' title='bbox 432 943 619 1005; x_wconf 87' lang='lat' dir='ltr'>missa</span> <span class='ocrx_word' id='word_1_55' title='bbox 659 946 1038 1023; x_wconf 89' lang='lat' dir='ltr'>exceperunt</span> <span class='ocrx_word' id='word_1_56' title='bbox 1078 946 1142 1005; x_wconf 92' lang='lat' dir='ltr'>et</span> <span class='ocrx_word' id='word_1_57' title='bbox 1188 943 1502 1024; x_wconf 90' lang='lat' dir='ltr'>impetum</span> <span class='ocrx_word' id='word_1_58' title='bbox 1529 942 1853 1024; x_wconf 88' lang='lat' dir='ltr'>legionum</span> <span class='ocrx_word' id='word_1_59' title='bbox 1881 934 2169 1007; x_wconf 70' lang='lat' dir='ltr'>tulerunt</span> <span class='ocrx_word' id='word_1_60' title='bbox 2209 949 2273 1007; x_wconf 95' lang='lat' dir='ltr'>et</span> <span class='ocrx_word' id='word_1_61' title='bbox 2311 940 2568 1008; x_wconf 81' lang='lat' dir='ltr'>ordines</span> 
     </span>
     <span class='ocr_line' id='line_1_9' title="bbox 433 1038 2568 1120; baseline 0.001 -19"><span class='ocrx_word' id='word_1_62' title='bbox 433 1041 883 1102; x_wconf 79' lang='lat' dir='ltr'>conservarunt</span> <span class='ocrx_word' id='word_1_63' title='bbox 910 1038 1179 1120; x_wconf 87' lang='lat' dir='ltr'>pilisque</span> <span class='ocrx_word' id='word_1_64' title='bbox 1221 1039 1427 1101; x_wconf 86' lang='lat' dir='ltr'>missis</span> <span class='ocrx_word' id='word_1_65' title='bbox 1470 1039 1551 1099; x_wconf 86' lang='lat' dir='ltr'>ad</span> <span class='ocrx_word' id='word_1_66' title='bbox 1591 1038 1833 1119; x_wconf 76' lang='lat' dir='ltr'>gladios</span> <span class='ocrx_word' id='word_1_67' title='bbox 1882 1040 2226 1102; x_wconf 91' lang='lat' dir='ltr'>redierunt.</span> <span class='ocrx_word' id='word_1_68' title='bbox 2319 1039 2568 1103; x_wconf 85' lang='lat' dir='ltr'>Eodem</span> 
     </span>
     <span class='ocr_line' id='line_1_10' title="bbox 432 1133 2569 1217; baseline 0.002 -22"><span class='ocrx_word' id='word_1_69' title='bbox 432 1138 712 1215; x_wconf 89' lang='lat' dir='ltr'>tempore</span> <span class='ocrx_word' id='word_1_70' title='bbox 752 1133 993 1214; x_wconf 80' lang='lat' dir='ltr'>equites</span> <span class='ocrx_word' id='word_1_71' title='bbox 1035 1135 1112 1194; x_wconf 89' lang='lat' dir='ltr'>ab</span> <span class='ocrx_word' id='word_1_72' title='bbox 1154 1134 1408 1196; x_wconf 89' lang='lat' dir='ltr'>sinistro</span> <span class='ocrx_word' id='word_1_73' title='bbox 1438 1133 1726 1214; x_wconf 88' lang='lat' dir='ltr'>Pompeii</span> <span class='ocrx_word' id='word_1_74' title='bbox 1756 1154 1973 1210; x_wconf 89' lang='lat' dir='ltr'>cornu,</span> <span class='ocrx_word' id='word_1_75' title='bbox 2008 1139 2082 1197; x_wconf 89' lang='lat' dir='ltr'>ut</span> <span class='ocrx_word' id='word_1_76' title='bbox 2123 1139 2257 1198; x_wconf 87' lang='lat' dir='ltr'>erat</span> <span class='ocrx_word' id='word_1_77' title='bbox 2297 1135 2569 1217; x_wconf 86' lang='lat' dir='ltr'>impera-</span> 
     </span>
     <span class='ocr_line' id='line_1_11' title="bbox 313 1230 2567 1313; baseline 0 -19"><span class='ocrx_word' id='word_1_78' title='bbox 313 1235 390 1294; x_wconf 91' lang='lat'>10</span> <span class='ocrx_word' id='word_1_79' title='bbox 431 1234 593 1306; x_wconf 89' lang='lat' dir='ltr'>tum,</span> <span class='ocrx_word' id='word_1_80' title='bbox 629 1230 904 1291; x_wconf 83' lang='lat' dir='ltr'>universi</span> <span class='ocrx_word' id='word_1_81' title='bbox 947 1233 1501 1310; x_wconf 76' lang='lat' dir='ltr'>procucurrerunt,</span> <span class='ocrx_word' id='word_1_82' title='bbox 1544 1230 1872 1311; x_wconf 90' lang='lat' dir='ltr'>omnisque</span> <span class='ocrx_word' id='word_1_83' title='bbox 1913 1231 2262 1297; x_wconf 89' lang='lat' dir='ltr'>multitudo</span> <span class='ocrx_word' id='word_1_84' title='bbox 2305 1232 2567 1313; x_wconf 84' lang='lat' dir='ltr'>sagitta-</span> 
     </span>
     <span class='ocr_line' id='line_1_12' title="bbox 432 1326 2566 1410; baseline 0.002 -23"><span class='ocrx_word' id='word_1_85' title='bbox 432 1327 673 1387; x_wconf 87' lang='lat' dir='ltr'>riorum</span> <span class='ocrx_word' id='word_1_86' title='bbox 700 1345 763 1388; x_wconf 90' lang='lat' dir='ltr'>se</span> <span class='ocrx_word' id='word_1_87' title='bbox 789 1326 1118 1406; x_wconf 74' lang='lat' dir='ltr'>profudit3</span> <span class='ocrx_word' id='word_1_88' title='bbox 1162 1348 1432 1409; x_wconf 86' lang='lat' dir='ltr'>quorum</span> <span class='ocrx_word' id='word_1_89' title='bbox 1460 1326 1775 1406; x_wconf 88' lang='lat' dir='ltr'>impetum</span> <span class='ocrx_word' id='word_1_90' title='bbox 1815 1332 2029 1390; x_wconf 87' lang='lat' dir='ltr'>noster</span> <span class='ocrx_word' id='word_1_91' title='bbox 2071 1327 2391 1410; x_wconf 81' lang='lat' dir='ltr'>equitatus</span> <span class='ocrx_word' id='word_1_92' title='bbox 2432 1349 2566 1391; x_wconf 92' lang='lat' dir='ltr'>non</span> 
     </span>
     <span class='ocr_line' id='line_1_13' title="bbox 432 1423 2565 1504; baseline 0.003 -22"><span class='ocrx_word' id='word_1_93' title='bbox 432 1423 605 1497; x_wconf 87' lang='lat' dir='ltr'>tulit,</span> <span class='ocrx_word' id='word_1_94' title='bbox 636 1423 744 1484; x_wconf 86' lang='lat' dir='ltr'>sed</span> <span class='ocrx_word' id='word_1_95' title='bbox 771 1423 1081 1502; x_wconf 84' lang='lat' dir='ltr'>paulatim</span> <span class='ocrx_word' id='word_1_96' title='bbox 1102 1423 1238 1485; x_wconf 89' lang='grc'>1000</span> <span class='ocrx_word' id='word_1_97' title='bbox 1261 1426 1471 1484; x_wconf 91' lang='lat' dir='ltr'>motus</span> <span class='ocrx_word' id='word_1_98' title='bbox 1494 1423 1677 1483; x_wconf 74' lang='lat' dir='ltr'>cessit</span> <span class='ocrx_word' id='word_1_99' title='bbox 1698 1445 1716 1500; x_wconf 85' lang='lat'><em>3</em></span> <span class='ocrx_word' id='word_1_100' title='bbox 1746 1424 2108 1504; x_wconf 87' lang='lat' dir='ltr'>equitesque</span> <span class='ocrx_word' id='word_1_101' title='bbox 2131 1423 2416 1503; x_wconf 90' lang='lat' dir='ltr'>Pompeii</span> <span class='ocrx_word' id='word_1_102' title='bbox 2439 1425 2565 1488; x_wconf 88' lang='lat' dir='ltr'>hoc</span> 
     </span>
     <span class='ocr_line' id='line_1_14' title="bbox 433 1519 2567 1601; baseline 0.003 -21"><span class='ocrx_word' id='word_1_103' title='bbox 433 1519 636 1581; x_wconf 86' lang='lat' dir='ltr'>acrius</span> <span class='ocrx_word' id='word_1_104' title='bbox 677 1519 915 1582; x_wconf 90' lang='lat' dir='ltr'>instare</span> <span class='ocrx_word' id='word_1_105' title='bbox 943 1523 1007 1581; x_wconf 90' lang='lat' dir='ltr'>et</span> <span class='ocrx_word' id='word_1_106' title='bbox 1035 1540 1097 1582; x_wconf 88' lang='lat' dir='ltr'>se</span> <span class='ocrx_word' id='word_1_107' title='bbox 1125 1519 1461 1598; x_wconf 80' lang='lat' dir='ltr'>turmatim</span> <span class='ocrx_word' id='word_1_108' title='bbox 1502 1520 1812 1599; x_wconf 81' lang='lat' dir='ltr'>explicare</span> <span class='ocrx_word' id='word_1_109' title='bbox 1853 1521 2173 1601; x_wconf 82' lang='lat' dir='ltr'>aciemque</span> <span class='ocrx_word' id='word_1_110' title='bbox 2215 1524 2499 1582; x_wconf 88' lang='lat' dir='ltr'>nostram</span> <span class='ocrx_word' id='word_1_111' title='bbox 2526 1542 2567 1586; x_wconf 85' lang='lat' dir='ltr'>a</span> 
     </span>
     <span class='ocr_line' id='line_1_15' title="bbox 430 1616 2564 1697; baseline 0.001 -21"><span class='ocrx_word' id='word_1_112' title='bbox 430 1616 624 1678; x_wconf 87' lang='lat' dir='ltr'>latere</span> <span class='ocrx_word' id='word_1_113' title='bbox 652 1620 869 1696; x_wconf 89' lang='lat' dir='ltr'>aperto</span> <span class='ocrx_word' id='word_1_114' title='bbox 893 1616 1223 1678; x_wconf 87' lang='lat' dir='ltr'>circumire</span> <span class='ocrx_word' id='word_1_115' title='bbox 1252 1620 1612 1697; x_wconf 79' lang='lat' dir='ltr'>coeperunt.</span> <span class='ocrx_word' id='word_1_116' title='bbox 1687 1617 1869 1691; x_wconf 81' lang='lat' dir='ltr'>Quod</span> <span class='ocrx_word' id='word_1_117' title='bbox 1892 1618 2003 1680; x_wconf 89' lang='lat' dir='ltr'>ubi</span> <span class='ocrx_word' id='word_1_118' title='bbox 2028 1618 2252 1680; x_wconf 80' lang='lat' dir='ltr'>Caesar</span> <span class='ocrx_word' id='word_1_119' title='bbox 2280 1618 2564 1679; x_wconf 84' lang='lat' dir='ltr'>animad-</span> 
     </span>
     <span class='ocr_line' id='line_1_16' title="bbox 314 1711 2563 1791; baseline 0.001 -19"><span class='ocrx_word' id='word_1_120' title='bbox 314 1715 388 1772; x_wconf 87' lang='lat'>15</span> <span class='ocrx_word' id='word_1_121' title='bbox 432 1711 644 1787; x_wconf 79' lang='lat' dir='ltr'>vertit,</span> <span class='ocrx_word' id='word_1_122' title='bbox 686 1713 945 1791; x_wconf 83' lang='lat' dir='ltr'>quartae</span> <span class='ocrx_word' id='word_1_123' title='bbox 973 1711 1148 1787; x_wconf 89' lang='lat' dir='ltr'>aciei,</span> <span class='ocrx_word' id='word_1_124' title='bbox 1192 1731 1385 1791; x_wconf 86' lang='lat' dir='ltr'>quam</span> <span class='ocrx_word' id='word_1_125' title='bbox 1425 1711 1789 1773; x_wconf 66' lang='lat' dir='ltr'>instituerat</span> <span class='ocrx_word' id='word_1_126' title='bbox 1820 1731 1924 1773; x_wconf 89' lang='lat' dir='ltr'>sex</span> <span class='ocrx_word' id='word_1_127' title='bbox 1966 1711 2348 1787; x_wconf 87' lang='lat' dir='ltr'>cohortium,</span> <span class='ocrx_word' id='word_1_128' title='bbox 2385 1713 2563 1774; x_wconf 83' lang='lat' dir='ltr'>dedit</span> 
     </span>
     <span class='ocr_line' id='line_1_17' title="bbox 432 1808 2564 1891; baseline 0.001 -22"><span class='ocrx_word' id='word_1_129' title='bbox 432 1808 704 1888; x_wconf 88' lang='lat' dir='ltr'>signum.</span> <span class='ocrx_word' id='word_1_130' title='bbox 778 1808 883 1868; x_wconf 88' lang='grc'>1111</span> <span class='ocrx_word' id='word_1_131' title='bbox 906 1809 1190 1870; x_wconf 88' lang='lat' dir='ltr'>celeriter</span> <span class='ocrx_word' id='word_1_132' title='bbox 1209 1814 1744 1888; x_wconf 87' lang='lat' dir='ltr'>procucurrerunt</span> <span class='ocrx_word' id='word_1_133' title='bbox 1770 1810 2134 1890; x_wconf 70' lang='lat' dir='ltr'>infestisque</span> <span class='ocrx_word' id='word_1_134' title='bbox 2163 1810 2360 1891; x_wconf 90' lang='lat' dir='ltr'>signis</span> <span class='ocrx_word' id='word_1_135' title='bbox 2383 1813 2564 1875; x_wconf 78' lang='lat' dir='ltr'>tanta</span> 
     </span>
     <span class='ocr_line' id='line_1_18' title="bbox 430 1904 2563 1985; baseline 0 -20"><span class='ocrx_word' id='word_1_136' title='bbox 430 1904 495 1966; x_wconf 81' lang='lat' dir='ltr'>vi</span> <span class='ocrx_word' id='word_1_137' title='bbox 540 1904 609 1965; x_wconf 91' lang='lat' dir='ltr'>in</span> <span class='ocrx_word' id='word_1_138' title='bbox 653 1904 934 1985; x_wconf 89' lang='lat' dir='ltr'>Pompeii</span> <span class='ocrx_word' id='word_1_139' title='bbox 982 1905 1222 1985; x_wconf 88' lang='lat' dir='ltr'>equites</span> <span class='ocrx_word' id='word_1_140' title='bbox 1270 1904 1583 1984; x_wconf 90' lang='lat' dir='ltr'>impetum</span> <span class='ocrx_word' id='word_1_141' title='bbox 1634 1905 1946 1980; x_wconf 80' lang='lat' dir='ltr'>fecerunt,</span> <span class='ocrx_word' id='word_1_142' title='bbox 1993 1907 2068 1965; x_wconf 93' lang='lat' dir='ltr'>ut</span> <span class='ocrx_word' id='word_1_143' title='bbox 2113 1923 2331 1966; x_wconf 87' lang='lat' dir='ltr'>eorum</span> <span class='ocrx_word' id='word_1_144' title='bbox 2375 1924 2563 1965; x_wconf 89' lang='lat' dir='ltr'>nemo</span> 
     </span>
     <span class='ocr_line' id='line_1_19' title="bbox 324 2000 2557 2081; baseline -0.001 -19"><span class='ocrx_word' id='word_1_145' title='bbox 324 2073 328 2078; x_wconf 41' lang='grc'>,</span> <span class='ocrx_word' id='word_1_146' title='bbox 432 2000 800 2063; x_wconf 89' lang='lat' dir='ltr'>consisteret</span> <span class='ocrx_word' id='word_1_147' title='bbox 850 2020 1184 2081; x_wconf 87' lang='lat' dir='ltr'>omnesque</span> <span class='ocrx_word' id='word_1_148' title='bbox 1233 2001 1511 2062; x_wconf 82' lang='lat' dir='ltr'>conversi</span> <span class='ocrx_word' id='word_1_149' title='bbox 1562 2020 1693 2061; x_wconf 89' lang='lat' dir='ltr'>non</span> <span class='ocrx_word' id='word_1_150' title='bbox 1735 2001 1942 2062; x_wconf 90' lang='lat' dir='ltr'>solum</span> <span class='ocrx_word' id='word_1_151' title='bbox 1980 2001 2118 2062; x_wconf 94' lang='grc'>1000</span> <span class='ocrx_word' id='word_1_152' title='bbox 2165 2002 2557 2076; x_wconf 84' lang='lat' dir='ltr'>excederent,</span> 
     </span>
     <span class='ocr_line' id='line_1_20' title="bbox 433 2095 2565 2177; baseline 0.001 -20"><span class='ocrx_word' id='word_1_153' title='bbox 433 2098 541 2159; x_wconf 87' lang='lat' dir='ltr'>sed</span> <span class='ocrx_word' id='word_1_154' title='bbox 560 2097 851 2177; x_wconf 88' lang='lat' dir='ltr'>protinus</span> <span class='ocrx_word' id='word_1_155' title='bbox 873 2096 1121 2158; x_wconf 86' lang='lat' dir='ltr'>incitati</span> <span class='ocrx_word' id='word_1_156' title='bbox 1143 2097 1300 2177; x_wconf 79' lang='lat' dir='ltr'>fuga</span> <span class='ocrx_word' id='word_1_157' title='bbox 1320 2099 1569 2158; x_wconf 90' lang='lat' dir='ltr'>montes</span> <span class='ocrx_word' id='word_1_158' title='bbox 1591 2096 1927 2157; x_wconf 88' lang='lat' dir='ltr'>altissimos</span> <span class='ocrx_word' id='word_1_159' title='bbox 1948 2099 2253 2176; x_wconf 89' lang='lat' dir='ltr'>peterent.</span> <span class='ocrx_word' id='word_1_160' title='bbox 2315 2095 2565 2171; x_wconf 79' lang='lat' dir='ltr'>Quibus</span> 
     </span>
     <span class='ocr_line' id='line_1_21' title="bbox 314 2181 2568 2274; baseline 0 -20"><span class='ocrx_word' id='word_1_161' title='bbox 314 2198 391 2254; x_wconf 82' lang='lat'>20</span> <span class='ocrx_word' id='word_1_162' title='bbox 434 2193 767 2255; x_wconf 91' lang='lat' dir='ltr'>summotis</span> <span class='ocrx_word' id='word_1_163' title='bbox 816 2181 1031 2255; x_wconf 77' lang='lat' dir='ltr'>omnes</span> <span class='ocrx_word' id='word_1_164' title='bbox 1075 2194 1385 2274; x_wconf 87' lang='lat' dir='ltr'>sagittarii</span> <span class='ocrx_word' id='word_1_165' title='bbox 1429 2194 1908 2274; x_wconf 77' lang='lat' dir='ltr'>funditoresque</span> <span class='ocrx_word' id='word_1_166' title='bbox 1951 2192 2243 2255; x_wconf 90' lang='lat' dir='ltr'>destituti</span> <span class='ocrx_word' id='word_1_167' title='bbox 2287 2190 2568 2266; x_wconf 83' lang='lat' dir='ltr'>inermes</span> 
     </span>
     <span class='ocr_line' id='line_1_22' title="bbox 434 2287 2565 2368; baseline 0 -19"><span class='ocrx_word' id='word_1_168' title='bbox 434 2289 566 2350; x_wconf 88' lang='lat' dir='ltr'>sine</span> <span class='ocrx_word' id='word_1_169' title='bbox 588 2288 899 2368; x_wconf 87' lang='lat' dir='ltr'>praesidio</span> <span class='ocrx_word' id='word_1_170' title='bbox 927 2288 1248 2351; x_wconf 81' lang='lat' dir='ltr'>interfecti</span> <span class='ocrx_word' id='word_1_171' title='bbox 1279 2292 1449 2350; x_wconf 89' lang='lat' dir='ltr'>sunt.</span> <span class='ocrx_word' id='word_1_172' title='bbox 1520 2289 1765 2351; x_wconf 88' lang='lat' dir='ltr'>Eodem</span> <span class='ocrx_word' id='word_1_173' title='bbox 1792 2289 2036 2367; x_wconf 88' lang='lat' dir='ltr'>impetu</span> <span class='ocrx_word' id='word_1_174' title='bbox 2064 2287 2351 2350; x_wconf 88' lang='lat' dir='ltr'>cohortes</span> <span class='ocrx_word' id='word_1_175' title='bbox 2379 2287 2565 2350; x_wconf 88' lang='lat' dir='ltr'>sinis-</span> 
     </span>
     <span class='ocr_line' id='line_1_23' title="bbox 433 2384 2569 2465; baseline 0 -19"><span class='ocrx_word' id='word_1_176' title='bbox 433 2398 606 2446; x_wconf 82' lang='lat' dir='ltr'>trum</span> <span class='ocrx_word' id='word_1_177' title='bbox 647 2404 871 2459; x_wconf 75' lang='lat' dir='ltr'>cornu,</span> <span class='ocrx_word' id='word_1_178' title='bbox 888 2385 1322 2465; x_wconf 85' lang='lat' dir='ltr'>pugnantibus</span> <span class='ocrx_word' id='word_1_179' title='bbox 1363 2386 1557 2446; x_wconf 88' lang='lat' dir='ltr'>etiam</span> <span class='ocrx_word' id='word_1_180' title='bbox 1585 2387 1727 2446; x_wconf 88' lang='lat' dir='ltr'>tum</span> <span class='ocrx_word' id='word_1_181' title='bbox 1755 2404 1827 2445; x_wconf 92' lang='lat' dir='ltr'>ae</span> <span class='ocrx_word' id='word_1_182' title='bbox 1854 2384 2287 2446; x_wconf 87' lang='lat' dir='ltr'>resistentibus</span> <span class='ocrx_word' id='word_1_183' title='bbox 2319 2384 2333 2396; x_wconf 86' lang='lat'><strong><em>&#39;</em></strong></span> <span class='ocrx_word' id='word_1_184' title='bbox 2425 2384 2569 2447; x_wconf 82' lang='lat' dir='ltr'>acie</span> 
     </span>
     <span class='ocr_line' id='line_1_24' title="bbox 436 2480 2561 2571; baseline 0.001 -27"><span class='ocrx_word' id='word_1_185' title='bbox 436 2481 1317 2571; x_wconf 68' lang='lat' dir='ltr'>Pompeiani87circumierunt</span> <span class='ocrx_word' id='word_1_186' title='bbox 1340 2502 1564 2565; x_wconf 88' lang='lat' dir='ltr'>eosque</span> <span class='ocrx_word' id='word_1_187' title='bbox 1591 2502 1628 2542; x_wconf 90' lang='lat' dir='ltr'>a</span> <span class='ocrx_word' id='word_1_188' title='bbox 1649 2486 1825 2561; x_wconf 90' lang='lat' dir='ltr'>tergo</span> <span class='ocrx_word' id='word_1_189' title='bbox 1854 2484 2004 2542; x_wconf 89' lang='lat' dir='ltr'>sunt</span> <span class='ocrx_word' id='word_1_190' title='bbox 2026 2481 2252 2543; x_wconf 87' lang='lat' dir='ltr'>adorti.</span> <span class='ocrx_word' id='word_1_191' title='bbox 2318 2480 2561 2546; x_wconf 84' lang='lat' dir='ltr'>XCIV.</span> 
     </span>
     <span class='ocr_line' id='line_1_25' title="bbox 434 2576 2568 2657; baseline 0.001 -19"><span class='ocrx_word' id='word_1_192' title='bbox 434 2578 678 2639; x_wconf 86' lang='lat' dir='ltr'>Eodem</span> <span class='ocrx_word' id='word_1_193' title='bbox 704 2580 988 2657; x_wconf 90' lang='lat' dir='ltr'>tempore</span> <span class='ocrx_word' id='word_1_194' title='bbox 1016 2576 1271 2638; x_wconf 86' lang='lat' dir='ltr'>tertiam</span> <span class='ocrx_word' id='word_1_195' title='bbox 1313 2578 1511 2639; x_wconf 87' lang='lat' dir='ltr'>aciem</span> <span class='ocrx_word' id='word_1_196' title='bbox 1543 2576 1786 2652; x_wconf 85' lang='lat' dir='ltr'>Caesar,</span> <span class='ocrx_word' id='word_1_197' title='bbox 1822 2578 1978 2656; x_wconf 82' lang='lat' dir='ltr'>quae</span> <span class='ocrx_word' id='word_1_198' title='bbox 2007 2576 2221 2656; x_wconf 75' lang='lat' dir='ltr'>quieta</span> <span class='ocrx_word' id='word_1_199' title='bbox 2247 2577 2460 2657; x_wconf 80' lang='lat' dir='ltr'>fuerat</span> <span class='ocrx_word' id='word_1_200' title='bbox 2501 2581 2568 2641; x_wconf 89' lang='lat' dir='ltr'>et</span> 
     </span>
     <span class='ocr_line' id='line_1_26' title="bbox 315 2673 2567 2754; baseline 0 -19"><span class='ocrx_word' id='word_1_201' title='bbox 315 2677 392 2737; x_wconf 67' lang='lat'>25</span> <span class='ocrx_word' id='word_1_202' title='bbox 436 2694 498 2736; x_wconf 90' lang='lat' dir='ltr'>se</span> <span class='ocrx_word' id='word_1_203' title='bbox 540 2674 622 2735; x_wconf 86' lang='lat' dir='ltr'>ad</span> <span class='ocrx_word' id='word_1_204' title='bbox 663 2673 731 2734; x_wconf 92' lang='lat' dir='ltr'>id</span> <span class='ocrx_word' id='word_1_205' title='bbox 769 2676 1022 2753; x_wconf 88' lang='lat' dir='ltr'>tempus</span> <span class='ocrx_word' id='word_1_206' title='bbox 1050 2674 1189 2736; x_wconf 92' lang='lat' dir='ltr'>loco</span> <span class='ocrx_word' id='word_1_207' title='bbox 1230 2676 1543 2749; x_wconf 87' lang='lat' dir='ltr'>tenuerat,</span> <span class='ocrx_word' id='word_1_208' title='bbox 1577 2693 1940 2754; x_wconf 88' lang='lat' dir='ltr'>procurrere</span> <span class='ocrx_word' id='word_1_209' title='bbox 1967 2673 2177 2753; x_wconf 85' lang='lat' dir='ltr'>jussit.</span> <span class='ocrx_word' id='word_1_210' title='bbox 2253 2673 2371 2734; x_wconf 84' lang='lat' dir='ltr'>-Ita</span> <span class='ocrx_word' id='word_1_211' title='bbox 2412 2693 2567 2736; x_wconf 91' lang='lat' dir='ltr'>eum</span> 
     </span>
     <span class='ocr_line' id='line_1_27' title="bbox 434 2768 2570 2850; baseline 0.001 -20"><span class='ocrx_word' id='word_1_212' title='bbox 434 2772 718 2831; x_wconf 90' lang='lat' dir='ltr'>recentes</span> <span class='ocrx_word' id='word_1_213' title='bbox 765 2772 953 2848; x_wconf 89' lang='lat' dir='ltr'>atque</span> <span class='ocrx_word' id='word_1_214' title='bbox 1001 2768 1233 2850; x_wconf 85' lang='lat' dir='ltr'>integri</span> <span class='ocrx_word' id='word_1_215' title='bbox 1283 2769 1542 2831; x_wconf 81' lang='lat' dir='ltr'>defessis</span> <span class='ocrx_word' id='word_1_216' title='bbox 1590 2769 2051 2844; x_wconf 87' lang='lat' dir='ltr'>successissent,</span> <span class='ocrx_word' id='word_1_217' title='bbox 2106 2769 2216 2830; x_wconf 87' lang='lat' dir='ltr'>alii</span> <span class='ocrx_word' id='word_1_218' title='bbox 2264 2772 2479 2831; x_wconf 89' lang='lat' dir='ltr'>autem</span> <span class='ocrx_word' id='word_1_219' title='bbox 2530 2791 2570 2832; x_wconf 88' lang='lat' dir='ltr'>a</span> 
     </span>
     <span class='ocr_line' id='line_1_28' title="bbox 326 2858 2568 2946; baseline 0.002 -22"><span class='ocrx_word' id='word_1_220' title='bbox 326 2920 330 2924; x_wconf 18' lang='grc' dir='ltr'><strong>Α</strong></span> <span class='ocrx_word' id='word_1_221' title='bbox 434 2868 612 2946; x_wconf 89' lang='lat' dir='ltr'>tergo</span> <span class='ocrx_word' id='word_1_222' title='bbox 640 2863 1058 2939; x_wconf 87' lang='lat' dir='ltr'>adorirentur,</span> <span class='ocrx_word' id='word_1_223' title='bbox 1092 2864 1402 2926; x_wconf 87' lang='lat' dir='ltr'>sustinere</span> <span class='ocrx_word' id='word_1_224' title='bbox 1432 2858 1959 2944; x_wconf 59' lang='lat' dir='ltr'>Pompeiani-flou</span> <span class='ocrx_word' id='word_1_225' title='bbox 1996 2868 2345 2946; x_wconf 87' lang='lat' dir='ltr'>potuerunt</span> <span class='ocrx_word' id='word_1_226' title='bbox 2375 2869 2568 2946; x_wconf 86' lang='lat' dir='ltr'>atque</span> 
     </span>
     <span class='ocr_line' id='line_1_29' title="bbox 435 2960 2566 3043; baseline 0.001 -21"><span class='ocrx_word' id='word_1_227' title='bbox 435 2960 710 3023; x_wconf 81' lang='lat' dir='ltr'>universi</span> <span class='ocrx_word' id='word_1_228' title='bbox 738 2963 916 3041; x_wconf 87' lang='lat' dir='ltr'>terga</span> <span class='ocrx_word' id='word_1_229' title='bbox 942 2963 1285 3022; x_wconf 78' lang='lat' dir='ltr'>verterunt.</span> <span class='ocrx_word' id='word_1_230' title='bbox 1353 2962 1576 3041; x_wconf 86' lang='lat' dir='ltr'>Neque</span> <span class='ocrx_word' id='word_1_231' title='bbox 1590 2981 1749 3023; x_wconf 59' lang='lat' dir='ltr'>vero</span> <span class='ocrx_word' id='word_1_232' title='bbox 1774 2961 2097 3024; x_wconf 84' lang='lat' dir='ltr'>Caesarem</span> <span class='ocrx_word' id='word_1_233' title='bbox 2126 2962 2377 3037; x_wconf 74' lang='lat' dir='ltr'>fefellit,</span> <span class='ocrx_word' id='word_1_234' title='bbox 2406 2962 2566 3043; x_wconf 80' lang='lat' dir='ltr'>quin</span> 
     </span>
     <span class='ocr_line' id='line_1_30' title="bbox 434 3055 2566 3138; baseline 0 -20"><span class='ocrx_word' id='word_1_235' title='bbox 434 3058 513 3118; x_wconf 85' lang='lat' dir='ltr'>ab</span> <span class='ocrx_word' id='word_1_236' title='bbox 540 3055 619 3117; x_wconf 89' lang='lat' dir='ltr'>iis</span> <span class='ocrx_word' id='word_1_237' title='bbox 647 3057 1011 3118; x_wconf 88' lang='lat' dir='ltr'>cohortibus</span> <span class='ocrx_word' id='word_1_238' title='bbox 1041 3076 1198 3136; x_wconf 89' lang='lat' dir='ltr'>quae</span> <span class='ocrx_word' id='word_1_239' title='bbox 1227 3060 1450 3118; x_wconf 89' lang='lat' dir='ltr'>eontra</span> <span class='ocrx_word' id='word_1_240' title='bbox 1484 3059 1839 3137; x_wconf 82' lang='lat' dir='ltr'>equitatum</span> <span class='ocrx_word' id='word_1_241' title='bbox 1867 3058 1935 3118; x_wconf 93' lang='lat' dir='ltr'>in</span> <span class='ocrx_word' id='word_1_242' title='bbox 1964 3060 2189 3138; x_wconf 85' lang='lat' dir='ltr'>quarta</span> <span class='ocrx_word' id='word_1_243' title='bbox 2217 3058 2346 3119; x_wconf 85' lang='lat' dir='ltr'>acie</span> <span class='ocrx_word' id='word_1_244' title='bbox 2375 3059 2566 3120; x_wconf 89' lang='grc'>00110-</span> 
     </span>
     <span class='ocr_line' id='line_1_31' title="bbox 314 3151 2564 3235; baseline 0 -21"><span class='ocrx_word' id='word_1_245' title='bbox 314 3156 394 3214; x_wconf 84' lang='grc'>30</span> <span class='ocrx_word' id='word_1_246' title='bbox 434 3155 608 3215; x_wconf 88' lang='lat' dir='ltr'>catae</span> <span class='ocrx_word' id='word_1_247' title='bbox 637 3154 859 3227; x_wconf 88' lang='lat' dir='ltr'>essent,</span> <span class='ocrx_word' id='word_1_248' title='bbox 882 3151 1141 3213; x_wconf 89' lang='lat' dir='ltr'>initium</span> <span class='ocrx_word' id='word_1_249' title='bbox 1168 3152 1468 3216; x_wconf 85' lang='lat' dir='ltr'>victoriae</span> <span class='ocrx_word' id='word_1_250' title='bbox 1491 3154 1781 3230; x_wconf 91' lang='lat' dir='ltr'>oriretur,</span> <span class='ocrx_word' id='word_1_251' title='bbox 1804 3158 1879 3214; x_wconf 90' lang='lat' dir='ltr'>ut</span> <span class='ocrx_word' id='word_1_252' title='bbox 1907 3154 2127 3235; x_wconf 86' lang='lat' dir='ltr'>ipsein</span> <span class='ocrx_word' id='word_1_253' title='bbox 2157 3155 2564 3216; x_wconf 85' lang='lat' dir='ltr'>cohortandis</span> 
     </span>
     <span class='ocr_line' id='line_1_32' title="bbox 436 3247 2564 3330; baseline 0.001 -23"><span class='ocrx_word' id='word_1_254' title='bbox 436 3248 746 3308; x_wconf 83' lang='lat' dir='ltr'>militibus</span> <span class='ocrx_word' id='word_1_255' title='bbox 787 3247 1323 3326; x_wconf 86' lang='lat' dir='ltr'>pronuntiaverat.</span> <span class='ocrx_word' id='word_1_256' title='bbox 1356 3266 1382 3309; x_wconf 53' lang='grc'>1.</span> <span class='ocrx_word' id='word_1_257' title='bbox 1415 3249 1517 3311; x_wconf 92' lang='lat' dir='ltr'>Ab</span> <span class='ocrx_word' id='word_1_258' title='bbox 1558 3250 1657 3311; x_wconf 90' lang='lat' dir='ltr'>his</span> <span class='ocrx_word' id='word_1_259' title='bbox 1706 3250 1877 3312; x_wconf 86' lang='lat' dir='ltr'>enim</span> <span class='ocrx_word' id='word_1_260' title='bbox 1920 3250 2201 3330; x_wconf 86' lang='lat' dir='ltr'>primum</span> <span class='ocrx_word' id='word_1_261' title='bbox 2241 3250 2564 3330; x_wconf 85' lang='lat' dir='ltr'>equitatus</span> 
     </span>
     <span class='ocr_line' id='line_1_33' title="bbox 436 3342 2566 3426; baseline 0.001 -23"><span class='ocrx_word' id='word_1_262' title='bbox 436 3345 530 3403; x_wconf 87' lang='lat' dir='ltr'>est</span> <span class='ocrx_word' id='word_1_263' title='bbox 569 3343 810 3421; x_wconf 85' lang='lat' dir='ltr'>pulsus,</span> <span class='ocrx_word' id='word_1_264' title='bbox 846 3344 924 3403; x_wconf 91' lang='lat' dir='ltr'>ab</span> <span class='ocrx_word' id='word_1_265' title='bbox 966 3342 1191 3404; x_wconf 90' lang='lat' dir='ltr'>iisdem</span> <span class='ocrx_word' id='word_1_266' title='bbox 1216 3345 1423 3406; x_wconf 80' lang='lat' dir='ltr'>factae</span> <span class='ocrx_word' id='word_1_267' title='bbox 1466 3347 1682 3407; x_wconf 90' lang='lat' dir='ltr'>caedes</span> <span class='ocrx_word' id='word_1_268' title='bbox 1732 3346 2203 3426; x_wconf 87' lang='lat' dir='ltr'>sagittariorum</span> <span class='ocrx_word' id='word_1_269' title='bbox 2244 3365 2316 3406; x_wconf 87' lang='lat' dir='ltr'>ac</span> <span class='ocrx_word' id='word_1_270' title='bbox 2343 3345 2566 3406; x_wconf 75' lang='lat' dir='ltr'>sundi-</span> 
     </span>
     <span class='ocr_line' id='line_1_34' title="bbox 435 3437 2567 3525; baseline 0.003 -29"><span class='ocrx_word' id='word_1_271' title='bbox 435 3439 668 3512; x_wconf 88' lang='lat' dir='ltr'>torum,</span> <span class='ocrx_word' id='word_1_272' title='bbox 703 3438 780 3498; x_wconf 90' lang='lat' dir='ltr'>ab</span> <span class='ocrx_word' id='word_1_273' title='bbox 809 3437 1034 3498; x_wconf 89' lang='lat' dir='ltr'>iisdem</span> <span class='ocrx_word' id='word_1_274' title='bbox 1061 3439 1222 3500; x_wconf 89' lang='lat' dir='ltr'>acies</span> <span class='ocrx_word' id='word_1_275' title='bbox 1252 3439 1636 3525; x_wconf 77' lang='lat' dir='ltr'>Pompeiana</span> <span class='ocrx_word' id='word_1_276' title='bbox 1663 3461 1701 3501; x_wconf 89' lang='lat' dir='ltr'>a</span> <span class='ocrx_word' id='word_1_277' title='bbox 1729 3441 1982 3502; x_wconf 87' lang='lat' dir='ltr'>sinistra</span> <span class='ocrx_word' id='word_1_278' title='bbox 2006 3445 2184 3521; x_wconf 90' lang='lat' dir='ltr'>parte</span> <span class='ocrx_word' id='word_1_279' title='bbox 2228 3442 2567 3503; x_wconf 80' lang='lat' dir='ltr'>circumita</span> 
     </span>
     <span class='ocr_line' id='line_1_35' title="bbox 436 3531 2567 3633; baseline 0.004 -43"><span class='ocrx_word' id='word_1_280' title='bbox 436 3533 622 3610; x_wconf 89' lang='lat' dir='ltr'>atque</span> <span class='ocrx_word' id='word_1_281' title='bbox 651 3531 911 3593; x_wconf 90' lang='lat' dir='ltr'>initium</span> <span class='ocrx_word' id='word_1_282' title='bbox 950 3533 1138 3614; x_wconf 80' lang='lat' dir='ltr'>fugae</span> <span class='ocrx_word' id='word_1_283' title='bbox 1176 3535 1437 3597; x_wconf 80' lang='lat' dir='ltr'>factum.</span> <span class='ocrx_word' id='word_1_284' title='bbox 1495 3536 1658 3633; x_wconf 49' lang='lat' dir='ltr'>&#39;‘S-22</span> <span class='ocrx_word' id='word_1_285' title='bbox 1697 3536 2055 3616; x_wconf 79' lang='lat' dir='ltr'>PompeiuS,</span> <span class='ocrx_word' id='word_1_286' title='bbox 2090 3540 2166 3597; x_wconf 92' lang='lat' dir='ltr'>ut</span> <span class='ocrx_word' id='word_1_287' title='bbox 2204 3537 2567 3616; x_wconf 87' lang='lat' dir='ltr'>equitatum</span> 
     </span>
     <span class='ocr_line' id='line_1_36' title="bbox 316 3626 2567 3711; baseline 0.006 -29"><span class='ocrx_word' id='word_1_288' title='bbox 316 3626 392 3682; x_wconf 88' lang='lat'>35</span> <span class='ocrx_word' id='word_1_289' title='bbox 437 3643 640 3691; x_wconf 84' lang='lat' dir='ltr'>suum.</span> <span class='ocrx_word' id='word_1_290' title='bbox 650 3629 906 3706; x_wconf 89' lang='lat' dir='ltr'>pulsum</span> <span class='ocrx_word' id='word_1_291' title='bbox 933 3629 1095 3711; x_wconf 62' lang='lat' dir='ltr'>vidit</span> <span class='ocrx_word' id='word_1_292' title='bbox 1122 3633 1310 3709; x_wconf 89' lang='lat' dir='ltr'>atque</span> <span class='ocrx_word' id='word_1_293' title='bbox 1340 3651 1478 3692; x_wconf 88' lang='lat' dir='ltr'>eam</span> <span class='ocrx_word' id='word_1_294' title='bbox 1583 3629 1749 3694; x_wconf 86' lang='lat' dir='ltr'>rtem</span> <span class='ocrx_word' id='word_1_295' title='bbox 1776 3633 1878 3694; x_wconf 91' lang='lat' dir='ltr'>cui</span> <span class='ocrx_word' id='word_1_296' title='bbox 1909 3633 2178 3695; x_wconf 80' lang='lat' dir='ltr'>maxime</span> <span class='ocrx_word' id='word_1_297' title='bbox 2207 3634 2567 3696; x_wconf 83' lang='lat' dir='ltr'>confidebat</span> 
     </span>
     <span class='ocr_line' id='line_1_37' title="bbox 437 3720 2567 3824; baseline 0.007 -47"><span class='ocrx_word' id='word_1_298' title='bbox 437 3720 836 3801; x_wconf 77' lang='lat' dir='ltr'>perterritam</span> <span class='ocrx_word' id='word_1_299' title='bbox 878 3723 1346 3809; x_wconf 68' lang='lat' dir='ltr'>animadyertit,</span> <span class='ocrx_word' id='word_1_300' title='bbox 1382 3727 1484 3824; x_wconf 43' lang='lat' dir='ltr'>al’J</span> <span class='ocrx_word' id='word_1_301' title='bbox 1563 3747 1810 3809; x_wconf 88' lang='lat' dir='ltr'>quoque</span> <span class='ocrx_word' id='word_1_302' title='bbox 1846 3729 2086 3809; x_wconf 78' lang='lat' dir='ltr'>diffisus</span> <span class='ocrx_word' id='word_1_303' title='bbox 2127 3728 2258 3792; x_wconf 87' lang='lat' dir='ltr'>acie</span> <span class='ocrx_word' id='word_1_304' title='bbox 2298 3729 2567 3792; x_wconf 84' lang='lat' dir='ltr'>excessit</span> 
     </span>
     <span class='ocr_line' id='line_1_38' title="bbox 1302 3826 2272 3921; baseline 0 -26"><span class='ocrx_word' id='word_1_305' title='bbox 1302 3842 1327 3895; x_wconf 69' lang='grc'>1</span> <span class='ocrx_word' id='word_1_306' title='bbox 1375 3892 1402 3915; x_wconf 57' lang='grc'>,,</span> <span class='ocrx_word' id='word_1_307' title='bbox 1473 3912 1486 3921; x_wconf 90' lang='lat'><strong><em>.</em></strong></span> <span class='ocrx_word' id='word_1_308' title='bbox 2255 3826 2272 3845; x_wconf 61' lang='lat'><em>³</em></span> 
     </span>
    </p>
   </div>
   <div class='ocr_carea' id='block_1_3' title="bbox 1128 3892 1337 3929">
    <p class='ocr_par' dir='ltr' id='par_1_3' title="bbox 1128 3892 1337 3929">
     <span class='ocr_line' id='line_1_39' title="bbox 1128 3892 1337 3929; baseline 0 -20"><span class='ocrx_word' id='word_1_309' title='bbox 1128 3892 1337 3929; x_wconf 41' lang='lat' dir='ltr'>&#39;‘A—,1</span> 
     </span>
    </p>
   </div>
  </div>
 </body>
</html>
