2734 4167
264 206 343 266 82
1039 191 1158 244 DE
1195 190 1454 245 BELLO
1504 192 1751 248 cImr

377 355 549 437 ipsis.
640 355 891 418 Interea
927 357 1254 416 manerent
1296 353 1583 418 indutiae
1612 356 1768 416 dum
1810 357 1887 416 ab
1916 355 2025 416 illo
2052 355 2245 418 rediri
2279 359 2511 436 posset,

377 473 532 516 neve
575 453 736 514 alter
776 451 956 514 alteri
997 455 1270 514 noceret.
1362 453 1511 512 Huc
1554 451 1733 512 addit
1772 472 1974 531 pauca
2001 453 2079 514 de
2122 473 2307 514 causa
2345 457 2409 515 et
2438 454 2518 515 de

379 549 574 628 copiis
629 548 1003 629 auxiliisque
1058 548 1204 610 suis.
1312 549 1526 610 XVII.
1586 549 1829 624 Quibus
1876 551 2061 611 rebus
2106 569 2313 630 neque
2369 553 2517 612 tum

379 647 890 725 respondendum
920 645 1144 707 Caesar
1171 645 1577 721 existimavit,
1612 666 1813 726 neque
1841 666 2036 721 1111110,
2070 649 2147 708 ut
2174 647 2515 710 memoriae

299 749 336 806 5
379 745 752 823 prodantur,
815 743 964 804 satis
1021 763 1240 804 causae
1295 747 1614 822 putamus,
1734 743 2103 805 Postula-bat
2160 743 2385 806 Caesar
2440 748 2520 806 ut

377 840 614 921 legatos
643 839 762 900 sibi
791 841 872 900 ad
903 839 1278 919 Pompeium
1305 839 1441 901 sine
1469 839 1748 918 periculo
1777 839 2030 902 mittere
2057 840 2293 915 liceret,
2321 840 2517 920 idque

375 935 499 1016 ipsi
526 936 662 997 fore
689 935 1040 1015 reciperent
1081 938 1194 996 aut
1235 938 1522 1016 acceptos
1550 955 1661 1016 per
1688 956 1751 998 se
1790 937 1871 997 ad
1897 957 2046 998 eum
2072 938 2504 1017 perducerent.

379 1032 563 1108 Quod
591 1034 672 1094 ad
700 1033 981 1095 indutias
1018 1032 1381 1113 pertineret,
1417 1032 1505 1094 sic
1532 1033 1681 1095 belli
1710 1033 2021 1095 rationem
2064 1053 2191 1096 esse
2220 1033 2509 1110 divisam,

377 1133 454 1190 ut
481 1129 576 1190 illi
605 1130 796 1192 classe
833 1149 1021 1192 naves
1063 1128 1419 1210 auxiliaque
1464 1149 1577 1191 sua
1620 1129 2025 1209 impedirent,
2059 1130 2190 1210 ipse
2233 1132 2311 1190 ut
2352 1149 2517 1210 aqua

258 1228 336 1288 10
377 1227 666 1306 terraque
709 1246 812 1288 eos
853 1226 1258 1306 prohiberet.-
1327 1223 1393 1287 Si
1437 1225 1558 1287 hoc
1586 1225 1705 1287 sibi
1733 1225 1975 1288 remitti
2002 1227 2259 1302 vellent,
2293 1227 2511 1289 remit-

377 1325 585 1384 terent
639 1322 760 1402 ipsi
817 1323 894 1384 (10
951 1321 1286 1383 maritimis
1347 1320 1694 1399 custodiis;
1752 1321 1804 1383 si
1860 1322 2023 1384 illud
2076 1325 2387 1398 tenerent,
2450 1341 2514 1385 80

377 1438 624 1500 quoque
669 1419 737 1479 id
781 1422 1196 1480 retenturum.
1287 1417 1511 1480 Nihilo
1561 1417 1774 1480 minus
1821 1421 2037 1480 tamen
2086 1418 2188 1500 agi
2228 1438 2405 1498 posse
2435 1419 2514 1481 de

377 1514 849 1594 compositione,
883 1518 960 1575 ut
1007 1515 1161 1576 haec
1209 1534 1340 1574 11011
1388 1506 1883 1590 remitterentur,
1918 1535 2121 1595 neque
2163 1516 2327 1576 hanc
2376 1535 2513 1577 rem

377 1631 504 1674 esse
547 1611 988 1692 impedimenti
1031 1613 1185 1674 1000.
1277 1612 1394 1673 Ι110
1422 1631 1625 1692 neque
1652 1613 1889 1693 legatos
1921 1611 2197 1674 Caesaris
2237 1613 2515 1692 recipere

255 1712 332 1770 15
374 1728 577 1789 neque
621 1709 976 1788 periculum
1023 1705 1334 1788 praestare
1365 1728 1602 1784 eorum,
1637 1709 1745 1770 sed
1786 1711 1988 1770 totam
2030 1729 2164 1771 rem
2206 1711 2286 1772 ad
2326 1711 2514 1771 Pom-

373 1803 591 1884 peium
618 1805 876 1886 rejicere
903 1827 920 1882 ;
959 1826 1164 1866 unum
1191 1805 1425 1869 instare
1448 1808 1525 1869 de
1547 1805 1816 1868 indutiis
1844 1805 2513 1889 vehementissimeque

375 1903 770 1964 contendere.
865 1902 1065 1977 Quem
1094 1902 1205 1964 ubi
1237 1902 1462 1964 Caesar
1502 1902 1819 1964 intellexit
1860 1903 2203 1982 praesentis
2243 1903 2513 1983 periculi

376 2003 566 2080 atque
607 1999 856 2079 inopiae
904 1999 1198 2062 vitandae
1241 2018 1428 2061 causa
1470 2019 1723 2061 omnem
1766 2000 2114 2062 orationem
2137 1999 2513 2063 instituisse

373 2117 577 2178 neque
605 2097 805 2158 ullam
833 2116 1008 2176 spem
1035 2099 1147 2158 aut
1171 2095 1607 2183 condicionem
1634 2096 1803 2176 pacis
1834 2098 2075 2173 afferre,
2103 2098 2184 2158 011
2204 2098 2513 2179 reliquam

255 2197 332 2254 20
375 2193 826 2275 cogitationem
854 2193 1003 2255 belli
1032 2213 1159 2256 sese
1187 2193 1443 2273 recepit.
1528 2193 1780 2254 XVIII.
1818 2193 2087 2255 Bibulus
2115 2194 2349 2255 multos
2378 2193 2513 2256 dies

373 2292 541 2352 terra
567 2288 926 2370 prohibitus
969 2293 1033 2351 et
1075 2290 1356 2372 graviore
1400 2290 1619 2351 morbo
1662 2309 1739 2350 ex
1779 2289 2013 2372 frigore
2054 2309 2126 2352 ac
2154 2291 2365 2352 labore
2392 2289 2513 2350 im-

373 2386 652 2467 plicituS,
689 2407 834 2448 cum
877 2407 1079 2468 neque
1123 2386 1327 2448 curari
1355 2389 1565 2466 posset
1592 2405 1795 2466 neque
1824 2389 2187 2466 susceptum
2230 2386 2513 2448 officium

375 2483 653 2544 deserere
679 2483 888 2558 vellet,
923 2482 1054 2544 vim
1083 2482 1285 2544 morbi
1315 2481 1623 2544 sustinere
1650 2503 1780 2542 non
1808 2481 2041 2562 potuit.
2132 2482 2227 2542 Eo
2257 2486 2511 2546 mortuo

275 2567 280 2572 ’
374 2581 456 2640 011
483 2579 802 2641 neminem
831 2599 1034 2640 unum
1063 2599 1310 2640 summa
1337 2578 1587 2660 imperii
1616 2578 1801 2654 redit,
1831 2580 1938 2640 sed
1966 2577 2308 2658 separatim‘
2330 2599 2512 2640 suam

253 2678 330 2738 25
375 2675 636 2756 quisque
677 2677 934 2738 classem
976 2677 1056 2736 011
1084 2674 1421 2745 arbitrium
1462 2695 1651 2736 suum
1693 2674 2194 2737 administrabat.
2284 2675 2511 2738 Vibul-

372 2772 496 2832 lius
525 2773 738 2834 sedato
769 2774 1056 2834 tumultu
1085 2793 1275 2854 quem
1315 2772 1687 2853 repentinus
1716 2771 1995 2834 Caesaris
2024 2773 2333 2834 adventus
2362 2793 2512 2836 con-

373 2868 695 2944 citaverat,
731 2869 842 2930 ubi
872 2869 1153 2948 primum
1195 2889 1228 2932 e
1257 2889 1322 2931 re
1351 2869 1559 2931 visum
1602 2872 1715 2946 est,
1750 2869 2036 2930 adhibito
2066 2868 2305 2932 Libone
2334 2874 2398 2932 et
2428 2871 2501 2932 L.

374 2964 643 3026 Lucceio
673 2968 737 3027 et
767 2965 1172 3046 Theophane,
1207 2965 1587 3046 quibuscum
1616 2966 2081 3028 communicare
2110 2967 2187 3028 de
2215 2967 2511 3042 maximis

371 3062 556 3133 rebus
615 3061 950 3141 Pompeius
1007 3065 1434 3138 consueverat,
1489 3063 1567 3124 de
1622 3061 1938 3124 mandatis
1996 3062 2272 3125 Caesaris
2327 3083 2510 3145 agere

251 3161 331 3220 30
373 3157 677 3220 instituit.
771 3157 973 3232 Quem
1021 3158 1375 3240 ingressum
1420 3157 1488 3218 in
1534 3177 1898 3220 sermonem.
1932 3157 2270 3239 Pompeius
2314 3159 2511 3224 inter-

229 3242 234 3247 ’
370 3255 630 3334 pellavit
679 3257 742 3317 et
797 3255 970 3336 loqui
1019 3256 1204 3336 plura
1258 3254 1605 3335 prohibuit.
1703 3259 1749 3290 “
1773 3255 1942 3330 Quid
1991 3255 2217 3332 mihi,''
2266 3257 2504 3338 inquit,

378 3354 424 3385 “
443 3352 555 3411 aut
604 3350 735 3412 vita
782 3355 894 3412 aut
950 3351 1205 3414 civitate
1261 3371 1419 3432 opus
1468 3355 1582 3426 est,
1638 3371 1828 3432 quam
1876 3351 2179 3414 beneficio
2232 3351 2509 3416 Caesaris

371 3446 598 3510 habere
637 3448 948 3510 videbor?
990 3449 1175 3530 cujus
1223 3448 1313 3511 rei
1361 3448 1575 3528 opinio
1615 3447 1755 3509 tolli
1801 3468 1931 3509 non
1958 3449 2213 3530 poterit,
2248 3469 2431 3544 Q
2438 3451 2510 3512 in

373 3543 646 3620 Italiam,
675 3565 750 3606 ex
779 3566 904 3626 qua
923 3546 1246 3625 profectus
1275 3565 1438 3621 sum,
1466 3546 1766 3607 reductus
1794 3544 2266 3608 existimabor.”
2331 3547 2509 3611 Bello

253 3642 329 3700 35
373 3641 653 3718 perfecto
681 3642 760 3703 ab
788 3641 865 3703 iis
897 3641 1121 3704 Caesar
1147 3643 1302 3704 haec
1331 3643 1503 3707 facta
1546 3640 1841 3722 cognovit
1870 3641 1981 3722 qui
2010 3641 2283 3704 sermoni
2314 3642 2511 3708 inter-

372 3733 638 3795 fuerunt
662 3757 680 3813 3
722 3739 986 3799 conatus
1015 3742 1230 3800 tamen
1257 3737 1461 3799 nihilo
1490 3737 1703 3800 minus
1744 3741 1838 3800 est
1866 3737 2006 3800 aliis
2047 3737 2403 3804 rationibus
2430 3741 2511 3804 de
