2734 4167
239 212 359 272 124
1014 205 1134 258 Da·
1166 203 1428 258 BELLo
1472 204 1725 260 orvm

354 369 475 432 lari
502 367 831 431 hominem
859 367 1141 443 audacia,
1176 370 1240 429 et
1269 367 1341 429 L.
1376 366 1779 447 Septimium,
1812 365 2146 430 tribunum
2185 366 2492 447 militum,
2538 400 2544 404 ·

357 466 440 528 ad
479 464 991 527 interficiendum
1020 464 1397 543 Pompeium
1441 463 1771 527 miserunt.
1861 465 1968 526 Ab
2010 465 2112 527 his
2153 464 2500 529 liberaliter

356 561 488 642 ipse
517 561 870 641 appellatus
914 563 977 622 et
1006 561 1277 640 quadam
1324 560 1557 622 notitia
1585 559 1878 641 Septimii
1922 562 2291 643 productus,
2327 562 2497 643 quod

355 659 520 721 bello
541 658 934 738 praedonum
962 658 1131 738 apud
1161 677 1307 720 eum
1337 657 1625 719 ordinem
1641 657 1940 732 duxerat,
1965 657 2324 720 naviculam
2354 678 2496 738 par-

277 760 314 817 5
356 755 571 817 vulam
616 752 981 815 conscendit
1030 773 1177 816 cum
1225 754 1445 833 paucis
1488 753 1659 830 suis3
1700 752 1788 814 ibi
1834 754 1914 815 ab
1941 753 2199 816 Achilla
2241 758 2305 816 et
2344 754 2495 835 Sep-

411 851 495 911 m'
611 849 986 912 nterficitur.
1094 850 1261 911 Item
1311 850 1384 911 L.
1438 849 1753 912 Lentulus
1801 849 2364 930 comprehenditur
2415 852 2496 912 ab

426 967 502 1028 ge
534 950 597 1008 et
626 947 694 1007 in
725 946 1012 1008 custodia
1037 950 1319 1008 necatur.

2 854 409 1229 s
496 1044 574 1106 V.
613 1042 858 1119 Caesar,
882 1062 1031 1104 cum
1052 1042 1122 1104 in
1144 1042 1366 1105 Asiam
1395 1041 1686 1118 venisset,
1708 1042 2059 1123 reperiebat
2088 1042 2162 1104 Τ.
2185 1042 2499 1123 Ampium

178 1043 662 1261 Mamm
689 1158 817 1201 esse
837 1138 1137 1220 pecunias
1163 1139 1382 1201 tollere
1403 1108 1656 1218 Ephe-so
1686 1157 1762 1200 ex
1788 1138 1939 1199 fano
1965 1138 2206 1200 Dianae
2234 1140 2499 1218 ejusque

2 1260 7 1267 ·
106 1226 175 1313 ,b
236 1241 315 1299 10
357 1237 448 1300 rei
477 1256 664 1299 causa
703 1239 1017 1299 senatores
1060 1255 1278 1310 omnes
1319 1255 1397 1298 ex
1436 1233 1764 1315 provincia
1804 1253 2105 1310 evocasse,
2139 1237 2214 1296 ut
2246 1234 2347 1296 his
2375 1238 2499 1298 tes-

353 1334 525 1396 tibus
545 1333 615 1394 in
644 1353 893 1395 summa
912 1332 1217 1413 pecuniae
1245 1334 1554 1407 uteretur,
1582 1332 1692 1392 sed
1713 1330 2190 1412 interpellatum
2216 1333 2501 1395 adventu

358 1429 638 1492 Caesaris
679 1428 1050 1509 profugisse.
1142 1428 1244 1490 Ita
1272 1428 1520 1489 duobus
1548 1427 1939 1507 temporibus
1967 1428 2280 1509 Ephesiae
2307 1447 2501 1508 pecu-

354 1525 497 1586 niae
529 1524 754 1586 Caesar
780 1524 1091 1586 auxilium
1117 1523 1290 1585 tulit.
1382 1522 1550 1584 Item
1579 1524 1906 1585 constabat
1945 1523 2131 1587 Elide
2157 1523 2226 1585 in
2255 1526 2501 1611 templo

359 1621 682 1684 Minervae
709 1621 997 1702 repetitis
1023 1624 1212 1701 atque
1240 1618 1625 1683 enumeratis
1646 1619 1886 1695 diebuS,
1911 1639 2035 1700 quo
2058 1619 2159 1681 die
2187 1620 2504 1699 proelium

237 1720 314 1780 15
359 1717 711 1779 secundum
755 1716 979 1780 Caesar
1018 1716 1289 1792 fecisset,
1324 1715 1735 1777 simulacrum
1762 1714 2102 1792 Victoriae,
2138 1716 2306 1796 quod
2349 1719 2503 1778 ante

354 1813 560 1894 ipsam
608 1814 961 1881 Minervam
1012 1814 1393 1875 collocatum
1448 1814 1608 1874 esset
1653 1815 1717 1873 et
1762 1814 1910 1874 ante
1966 1812 2047 1873 ad
2091 1812 2502 1873 simulacrum

359 1910 678 1972 Minervae
717 1909 1140 1990 spectavisset,
1174 1909 1255 1971 ad
1284 1910 1494 1972 valvas
1523 1928 1587 1971 se
1616 1909 1840 1988 templi
1881 1907 2201 1989 limenque
2243 1928 2503 1972 conver-

355 2007 524 2069 tisse.
613 2007 984 2087 Eodemque
1028 2006 1131 2068 die
1175 2004 1555 2067 Antiochiae
1600 2004 1668 2065 in
1699 2003 1881 2086 Syria
1925 2004 2022 2066 bis
2066 2007 2285 2067 tantus
2329 2025 2500 2067 exer-

359 2104 524 2165 citus
566 2104 801 2165 clamor
841 2107 905 2166 et
947 2103 1277 2184 signorum
1318 2121 1509 2164 sonus
1550 2100 1884 2164 exauditus
1923 2103 2037 2176 est,
2071 2104 2146 2162 ut
2187 2101 2257 2161 in
2298 2101 2502 2167 muris

239 2204 319 2262 20
360 2203 601 2262 armata
646 2200 867 2262 civitas
912 2200 1306 2261 discurreret.
1400 2198 1543 2260 Hoc
1592 2197 1761 2260 idem
1808 2194 2197 2259 Ptolemaide
2240 2197 2493 2261 accidit.

363 2297 652 2378 Pergami
681 2297 750 2357 in
791 2296 1057 2359 occultis
1097 2316 1170 2358 ac
1211 2294 1554 2358 reconditis
1583 2293 1827 2374 templi,
1863 2312 1988 2375 quo
2016 2297 2264 2374 praeter
2303 2313 2502 2356 sacer-

361 2394 538 2455 dotes
566 2392 737 2455 adire
775 2393 873 2454 fas
913 2413 956 2454 n
999 2412 1045 2453 n
1088 2394 1200 2467 est,
1237 2411 1395 2472 quae
1428 2390 1647 2453 Graeci
1682 2381 1929 2451 ἄδυτα
1956 2391 2302 2470 appellant,
2335 2393 2502 2472 tym-

360 2509 528 2569 pana
575 2492 923 2551 sonuerunt
1032 2488 1197 2550 Item
1243 2486 1560 2573 Trallibus
1607 2486 1678 2547 in
1725 2487 1964 2567 templo
2005 2486 2345 2562 Victoriae,
2387 2487 2502 2548 ubi

365 2584 646 2647 Caesaris
696 2568 972 2649 statuam
1020 2585 1559 2659 consecraverant,
1609 2583 1820 2663 palma
1858 2602 1972 2662 per
2007 2602 2110 2645 eos
2153 2583 2283 2645 dies
2332 2582 2503 2644 inter
2663 2647 2673 2655 ,
2733 2574 2734 2621 ¹

241 2685 318 2744 25
362 2684 736 2763 coagmenta
785 2682 1073 2762 lapidum
1122 2701 1198 2743 ex
1245 2679 1614 2762 pavimento
1670 2679 1978 2741 exstitisse
2028 2676 2533 2780 ostendebatur.)

262 2830 285 2839 ,.
365 2776 531 2839 CVI.
585 2776 810 2840 Caesar
835 2798 1067 2858 paucos
1089 2777 1221 2839 dies
1250 2777 1321 2838 in
1345 2777 1498 2838 Asia
1526 2780 1809 2839 moratus
1837 2797 1984 2839 cum
2012 2777 2286 2861 audies-54:
2315 2777 2502 2838 Pom·
2731 2786 2732 2789 ’

360 2872 579 2952 peium
609 2872 800 2953 Cypri
843 2873 1071 2949 visum,
1109 2874 1474 2953 conJ'ectans
1516 2893 1661 2935 eum
1704 2864 2074 2955 Aegyptum
2110 2874 2232 2935 iter
2270 2873 2501 2936 habere

360 2971 623 3048 propter
649 2967 1143 3031 necessitudines
1168 2967 1348 3050 regni
1377 2968 1770 3049 reliquasque
1811 2969 1949 3049 ejus
1976 2967 2101 3030 loci
2129 2968 2502 3049 opportuni-

360 3066 542 3140 tates,
578 3082 725 3126 cum
752 3064 997 3145 legione
1024 3085 1175 3141 una,
1211 3085 1402 3146 quam
1442 3084 1506 3127 se
1547 3085 1624 3128 ex
1652 3064 1973 3127 Thessalia
2000 3064 2176 3146 sequi
2203 3065 2496 3145 jusserat,

240 3163 319 3222 30
361 3163 425 3222 et
455 3161 669 3237 altera,
705 3180 896 3241 quam
924 3181 1002 3223 ex
1029 3161 1272 3222 Achaia
1300 3180 1337 3222 a
1367 3161 1438 3235 Q.
1464 3160 1650 3222 Fufio
1678 3161 1885 3241 legato
1913 3163 2295 3237 evocaverat,
2328 3161 2503 3241 equi-

361 3256 654 3336 tibusque
678 3272 843 3318 Dccc
872 3260 936 3319 et
963 3257 1232 3319 navibus
1259 3256 1466 3337 longis
1495 3255 1760 3318 Rhodiis
1790 3272 1837 3317 x
1866 3258 1930 3317 et
1957 3255 2254 3317 Asiaticis
2281 3257 2502 3336 paucis
2703 3242 2728 3293 ἕ

361 3351 812 3414 Alexandriam
863 3353 1166 3433 pervenit.
1258 3352 1338 3414 In
1384 3353 1482 3415 his
1531 3356 1712 3415 erant
1759 3351 2115 3433 legionibus
2163 3352 2501 3414 hominum

360 3448 537 3509 milia
585 3448 709 3510 tria
758 3466 880 3527 003
937 3449 1164 3530 reliqui
1212 3449 1582 3512 vulneribus
1637 3468 1714 3511 ex
1763 3448 2017 3529 proeliis
2073 3451 2138 3511 et
2188 3449 2400 3511 labore
2428 3470 2502 3512 ac

360 3545 803 3622 magnitudine
834 3545 1080 3608 itineris
1108 3545 1384 3608 consecti
1413 3544 1712 3626 consequi
1753 3565 1885 3606 non
1924 3547 2283 3626 potuerant.
2377 3545 2502 3608 Sed

240 3637 317 3693 35
364 3635 588 3696 Caesar
616 3641 884 3700 confisus
911 3645 1086 3701 sama
1125 3661 1337 3703 rerum
1378 3643 1698 3721 gestarum
1738 3640 2008 3704 infirmis
2056 3642 2309 3703 auxiliis
2358 3662 2502 3722 pro-

361 3727 557 3789 ficisci
585 3750 716 3792 non
744 3735 1163 3813 dubitaverat,
1197 3758 1391 3817 aeque
1421 3757 1674 3800 omnem
1715 3737 1830 3801 sibi
1876 3738 2090 3800 locum
2118 3740 2339 3803 tutum
2367 3738 2504 3799 sore
