2734 4167
296 185 413 245 122
486 160 489 163 ’
1068 184 1185 235 DE
1221 184 1476 238 BELLO
1522 183 1773 240 CIVILI

409 346 670 406 teretur.
761 343 886 406 Sed
939 345 1470 424 opportunissime
1523 345 1769 407 nuntiis
1823 346 2029 408 allatis
2083 348 2395 427 oppidum
2447 350 2545 417 est

410 441 743 503 defensum
770 462 788 518 3
832 440 1201 522 Cassiusque
1242 444 1325 504 ad.
1354 442 1785 522 Sulpicianam
1826 443 1974 505 inde
2015 444 2272 506 classem
2298 444 2544 524 prosec-

409 539 517 599 tus
565 540 659 600 est
702 537 1038 613 Vibonem,
1086 538 1541 620 applicatisque
1589 539 1820 600 nostris
1867 539 1948 600 ad
1995 542 2229 601 terram
2276 540 2544 602 navibus

412 632 665 696 circiter
704 650 797 695 XL
836 635 1094 713 propter
1138 632 1413 696 eundem
1456 635 1773 710 timorem,
1806 635 1942 715 pari
1989 638 2177 716 atque
2218 639 2408 698 antea
2446 655 2546 697 ra-

334 734 370 790 5
412 729 585 791 tione
601 731 949 792 secundum
970 733 1196 791 nactus
1212 733 1479 792 ventum
1501 731 1812 793 onerarias
1833 750 2022 793 naves
2042 733 2442 811 praeparatas
2462 732 2545 792 ad

412 826 782 888 incendium
809 826 1097 902 immisit,
1131 830 1195 888 et
1236 827 1493 888 flamma
1520 828 1597 890 ab
1625 830 1894 907 utroque
1932 847 2131 889 cornu
2174 847 2546 908 comprensa

411 942 600 984 naves
654 926 805 984 sunt
856 924 1216 985 combustae
1272 922 1567 1004 quinque.
1678 922 1964 1031 Cpugi-que
2012 923 2177 1005 ignis
2225 924 2544 1005 magnitu-

414 1020 562 1081 dine
590 1019 764 1082 venti
791 1018 984 1080 latius
1011 1021 1302 1098 serperet,
1331 1019 1584 1095 milites,
1611 1039 1720 1100 qui
1749 1039 1825 1081 ex
1853 1019 2166 1082 veteribus
2186 1019 2545 1100 legionibus

413 1119 593 1178 erant
640 1115 844 1179 relicti
887 1115 1196 1196 praesidio
1243 1115 1509 1177 navibus
1554 1134 1631 1177 ex
1670 1135 1934 1177 numero
1978 1135 2328 1197 aegrorum,
2361 1113 2546 1196 igno-

293 1216 371 1274 10
412 1212 677 1274 miniam
703 1232 834 1273 non
860 1212 1169 1287 tulerunt,
1203 1212 1311 1273 sed.
1341 1231 1454 1272 sua
1480 1213 1704 1291 sponte
1730 1231 1919 1273 naves
1947 1213 2450 1274 conscenderunt
2476 1212 2546 1273 et

411 1329 450 1370 a
469 1313 638 1371 terra
664 1308 985 1370 solverunt
1016 1307 1383 1387 impetuque
1403 1307 1574 1368 sacto
1596 1307 1665 1367 in
1689 1305 2051 1369 Cassianam
2079 1308 2336 1369 classem
2358 1308 2543 1389 quin-

412 1423 731 1484 queremes
760 1404 935 1479 duas,
970 1402 1039 1464 in
1067 1405 1335 1484 quarum
1363 1403 1561 1464 altera
1586 1406 1721 1464 erat
1752 1402 2018 1479 Cassius,
2047 1407 2391 1484 ceperunt;
2433 1406 2544 1468 sed.

412 1500 661 1562 Cassius
690 1501 987 1580 exceptus
1017 1499 1246 1579 scapha
1274 1498 1550 1579 refugit3
1579 1501 1900 1579 praeterea
1926 1499 2087 1561 duae
2115 1506 2265 1561 sunt
2294 1502 2542 1581 depres-

411 1616 512 1658 sae
537 1595 841 1658 triremes.
906 1595 1130 1676 Neque
1157 1594 1362 1655 multo
1391 1598 1535 1675 post
1557 1596 1635 1657 de
1662 1595 1898 1675 proelio
1919 1596 2090 1657 facto
2118 1595 2189 1656 in
2218 1596 2543 1658 Thessalia

291 1696 367 1755 15
411 1692 742 1775 cognitum
782 1694 896 1768 est,
930 1694 1005 1752 ut
1045 1690 1197 1771 ipsis
1225 1690 1624 1770 Pompeianis
1652 1692 1806 1754 fides
1832 1692 2050 1770 fieret3
2090 1712 2241 1753 nam
2282 1695 2429 1753 ante
2473 1692 2543 1753 id

407 1792 662 1870 tempus
678 1787 837 1870 fingi
866 1808 903 1848 a
922 1787 1145 1868 legatis
1166 1786 1505 1867 amicisque
1529 1785 1809 1849 Caesaris
1829 1787 2315 1849 arbitrabantur.
2390 1786 2542 1863 Qui-

406 1887 526 1948 bus
554 1887 740 1947 rebus
768 1883 1038 1965 cognitis
1066 1903 1142 1945 ex
1169 1883 1270 1944 his
1296 1883 1451 1944 locis
1481 1882 1729 1947 Cassius
1757 1903 1904 1945 cum
1932 1884 2122 1955 classe
2151 1883 2452 1947 discessit.

134 1922 415 2159 ss
490 1981 632 2043 CH.
710 1980 935 2043 Caesar
990 1979 1282 2041 omnibus
1336 1979 1521 2041 rebus
1575 1978 1810 2041 relictis
1861 1970 2366 2061 persequendum
2419 1979 2543 2042 sibi

188 2146 215 2172 x
411 2076 787 2157 Pompeium
830 2075 1234 2152 existimavit,
1289 2095 1712 2157 quascumque
1766 2075 1837 2137 in
1882 2080 2092 2157 partes
2140 2097 2204 2140 se
2261 2098 2337 2140 ex
2384 2079 2543 2159 fuga

270 2173 761 2275 ffltecepisset,
811 2191 891 2235 ne
939 2191 1154 2234 rursus
1203 2171 1415 2251 copias
1463 2181 1822 2252 comparare
1867 2172 2017 2234 alias
2059 2176 2124 2235 et
2165 2173 2402 2235 bellum
2446 2194 2540 2237 re-

56 2330 63 2339 ,
194 2292 207 2321 ·-
270 2284 285 2313 '—
408 2290 637 2332 novare
679 2271 906 2350 posset,
942 2272 1005 2330 et
1048 2271 1632 2349 quantumcumque
1672 2267 1919 2331 itineris
1949 2269 2252 2350 ⁵equitatu
2297 2271 2540 2334 efficere

128 2358 135 2367 ¹
407 2370 654 2447 poterat
703 2364 984 2446 quotidie
1024 2364 1563 2446 progrediebatur,
1609 2365 2051 2447 legionemque
2092 2386 2289 2427 unam
2336 2367 2540 2428 mino-

407 2464 583 2525 ribus
638 2459 972 2589 i't'ffieribus
1032 2460 1325 2551 subsequi
1379 2460 1585 2541 jussit.
1702 2461 1858 2522 Erat
1913 2462 2196 2524 edictum
2251 2462 2540 2542 Pompeii

406 2559 667 2621 nomine
690 2557 1087 2639 „Amphipoli
1118 2555 1553 2637 propositum,
1587 2557 1685 2617 uti
1736 2576 1952 2619 omnes
2002 2558 2139 2638 ejus
2180 2558 2539 2636 provinciae

286 2656 366 2716 25
408 2654 708 2735 juniores,
739 2653 960 2716 Graeci
990 2653 1274 2734 civesque
1299 2652 1589 2728 Romani,
1608 2654 1865 2734 jurandi
1894 2673 2078 2715 causa
2100 2654 2529 2718 convenirent.

410 2751 534 2815 Sed
560 2754 782 2812 utrum
824 2753 1194 2814 avertendae
1240 2750 1611 2849 suspicionis
1652 2770 1840 2812 causa
1868 2749 2204 2830 Pompeius
2234 2770 2538 2831 proposu-

406 2848 576 2924 isset,
609 2851 685 2909 ut
738 2867 933 2939 quarn¹
966 2848 1343 2910 diutissime?
1371 2846 1674 2928 longioris
1714 2828 1922 2928 fuga&
1946 2847 2282 2909 consilium
2330 2849 2538 2910 occul-

406 2946 592 3020 taret,
636 2963 719 3005 an
747 2940 936 3023 {novis
978 2944 1345 3017 delectibus‘,
1394 2942 1446 3003 si
1491 2962 1677 3004 nemo
1719 2947 2050 3022 premeret,
2099 2943 2538 3005 Macedoniam

406 3044 620 3102 tenere
662 3042 1015 3116 conaretur,
1050 3037 1394 3125 existimari
1422 3058 1552 3098 non
1592 3041 1857 3123 poterat.
1948 3039 2090 3118 Ipse
2132 3040 2213 3100 ad
2241 3059 2539 3101 ancoram

289 3141 365 3198 30
407 3156 540 3198 una
565 3139 750 3198 nocte
786 3136 1074 3199 constitit
1103 3139 1166 3198 et
1194 3136 1432 3199 vocatis
1474 3138 1555 3198 ad
1582 3156 1644 3198 se
1673 3132 2045 3216 Amphipoli
2073 3135 2433 3216 hospitibus
2474 3140 2538 3200 et

405 3234 676 3317 pecunia
719 3234 800 3294 ad
839 3233 1215 3298 necessarios
1264 3236 1558 3312 sumptus
1607 3226 1932 3315 corrogata
1970 3233 2226 3314 cognito
2258 3233 2536 3295 Caesaris

407 3331 686 3392 adventu
714 3350 791 3392 ex
819 3350 892 3392 eo
913 3331 1052 3391 loco
1084 3330 1365 3392 discessit
1395 3334 1458 3392 et
1481 3331 1819 3412 Mytilenas
1847 3331 2064 3410 paucis
2086 3331 2307 3392 diebus
2335 3331 2527 3392 venit.

348 3468 357 3477 ·
407 3426 689 3487 Biduum
707 3429 1079 3506 tempestate
1107 3429 1391 3488 retentus
1418 3428 1805 3508 navibusque
1827 3426 1963 3489 aliis'
1986 3427 2217 3488 additis
2238 3424 2538 3488 actuariis

405 3522 469 3581 in
505 3522 792 3584 Ciliciam
821 3526 1008 3601 atque
1034 3522 1185 3583 inde
1210 3522 1494 3603 Cyprum
1520 3523 1827 3603 pervenit.
1918 3522 2017 3584 Ibi
2046 3519 2368 3604 cognoscit
2389 3543 2537 3586 con-

287 3620 362 3675 35
405 3636 590 3678 sensu
640 3618 927 3679 omnium
975 3618 1506 3681 Antiochensium
1550 3620 1907 3700 civiumque
1952 3620 2387 3681 Romanorum
2425 3619 2535 3701 qui
2583 3620 2592 3626 ’

403 3710 536 3772 11116
572 3713 1049 3792 negotiarentur
1064 3696 1075 3795 J
1089 3733 1296 3776 arcem
1341 3717 1592 3795 captam
1633 3698 1770 3787 esse}
1803 3715 2179 3778 excludendi
2207 3715 2305 3779 sui
2348 3735 2538 3780 causa
2569 3690 2598 3811 l
2729 3711 2734 3718 ’
