2734 4167
54 1745 371 2117 ff

289 229 367 288 36

285 1264 362 1321 10

282 2233 360 2289 20

238 2486 283 2532 ι
310 2507 325 2548 ²·
401 2525 664 2583 tantur:

104 2595 315 2684 hd,
262 2593 291 2690 1,,
356 2617 373 2636 ,.
408 2623 417 2630 .

96 2689 135 2730 ”
280 2720 356 2776 25

279 3201 358 3260 30

278 3685 355 3744 35

1062 224 1181 277 DE
1218 225 1485 279 BELLO
1532 226 1674 280 ΟΠ
1663 226 1798 279 1:131

406 391 594 470 atque
636 409 850 451 omnes
890 390 1026 452 viae
1067 390 1145 450 ab
1185 389 1558 452 Afranianis
1597 390 1910 452 militibus
1949 390 2391 478 equitibusque
2433 391 2538 453 ob—

405 485 758 547 siderentur
816 506 933 548 nec
1000 489 1225 566 pontes
1276 487 1494 566 perfici
1550 491 1824 567 possent,
1885 488 2156 567 imperat
2226 488 2540 549 militibus

409 581 633 644 Caesar
684 584 761 643 ut
816 602 1003 644 naves
1056 582 1316 658 faciant,
1378 584 1483 664 cuj
1491 604 1564 645 us
1618 584 1862 665 generis
1916 603 2062 646 eum
2116 584 2540 665 superioribus

406 679 588 740 annis
613 699 765 741 usus
787 663 1153 742 Britanniae
1175 681 1491 743 docuerat.
1566 680 1829 743 Carinae
1855 701 1929 743 ac
1955 682 2163 762 prima
2189 682 2540 744 statumina

405 775 527 838 levi
583 775 845 837 materia
892 776 1165 855 fiebant3
1227 777 1543 858 reliquum
1600 797 1826 857 corpus
1879 780 2140 841 navium
2193 779 2539 842 viminibus

406 875 775 935 contextum
815 873 999 935 801118
1039 873 1456 955 integebatur.
1549 874 1684 935 Has
1721 875 2035 954 perfectas
2075 875 2267 938 carris
2295 876 2539 957 junctis

405 970 659 1033 devehit
706 973 900 1033 noctu
948 971 1126 1033 milia
1171 991 1473 1053 passuum
1519 993 1558 1034 a
1605 972 1823 1035 castris
1853 989 2013 1032 1111
2053 973 2409 1053 militesque
2436 971 2538 1032 his

408 1067 672 1129 navibus
727 1068 967 1130 flumen
1019 1070 1406 1149 transportat
1474 1067 2031 1149 continentemque
2083 1068 2255 1149 ripae
2311 1069 2538 1132 collem

403 1164 739 1244 improviso
789 1167 1072 1245 occupat.
1164 1165 1360 1228 Hunc
1415 1164 1718 1241 celeriter,
1771 1166 2139 1246 priusquam
2192 1166 2271 1226 ab
2319 1166 2539 1228 adver-

403 1260 580 1322 sariis
627 1260 956 1337 sentiatur,
1003 1260 1375 1324 communit.
1480 1262 1627 1323 Huc
1676 1261 1987 1343 legionem
2032 1264 2246 1343 postea
2292 1262 2537 1343 trajicit

404 1360 591 1437 atque
619 1377 695 1419 ex
721 1360 989 1438 utraque
1016 1361 1194 1466 parte
1221 1361 1484 1438 pontem
1511 1356 1813 1433 instituit,
1847 1357 2040 1420 hiduo
2075 1357 2341 1437 perficit.
2434 1359 2537 1420 Ita

404 1457 787 1516 commeatus
829 1458 894 1517 81
935 1454 1044 1535 qui
1084 1453 1395 1517 frumenti
1444 1474 1631 1517 causa
1675 1456 2101 1535 processerant
2147 1457 2292 1516 tuto
2340 1456 2424 1517 ad
2470 1476 2535 1518 se

352 1550 628 1629 recipit
655 1553 719 1612 et
746 1570 881 1613 rem
907 1551 1393 1613 frumentariam
1433 1550 1724 1631 expedire
1765 1549 2011 1630 incipit.
2043 1535 2092 1610 s
2102 1550 2237 1613 LV.
2288 1550 2535 1615 Eodem

406 1646 506 1707 die
549 1647 837 1726 equitum
886 1666 1183 1729 magnam
1222 1650 1469 1755 partem
1517 1648 1753 1709 flumen
1804 1646 2073 1728 trajecit.
2166 1646 2290 1722 Qui
2332 1648 2536 1730 inopi-

405 1745 628 1805 nantes
675 1745 1073 1824 pabulatores
1127 1746 1191 1806 et
1238 1744 1372 1806 sine
1426 1743 1558 1804 ullo
1609 1743 1938 1823 dissipatos
1985 1744 2214 1806 timore
2261 1746 2534 1826 aggressi

470 1859 709 1920 agnum
761 1861 1100 1904 numerum
1152 1842 1590 1922 jumentorum
1645 1843 1833 1948 atque
1890 1841 2225 1902 hominum
2281 1842 2536 1904 interci-

403 1937 592 2017 piunt
620 1938 1104 2019 cohortibusque
1131 1938 1385 2001 cetratis
1426 1937 1703 2000 subsidio
1738 1937 1944 1999 11118818
1984 1936 2297 2012 scienter
2278 1958 2348 1998 in
2376 1938 2534 2000 duas

402 2037 610 2114 partes
636 2054 763 2097 sese
792 2035 1205 2109 distribuunt,
1239 2032 1347 2094 alii
1377 2036 1453 2094 ut
1474 2035 1740 2114 praedae
1779 2033 2088 2114 praesidio
2128 2034 2279 2109 sint,
2314 2033 2422 2095 3111
2455 2037 2534 2095 ut

401 2132 798 2194 venientibus
858 2132 1151 2194 resistant
1206 2134 1396 2213 atque
1463 2151 1567 2193 eos
1620 2132 1997 2212 propellant,
2057 2151 2377 2212 unamque
2432 2151 2532 2193 80-

402 2228 671 2304 hortem,
707 2249 869 2310 quae
906 2232 1139 2291 temere
1181 2230 1327 2290 ante
1369 2231 1603 2291 ceteras
1650 2230 1828 2290 extra
1868 2228 2068 2290 aciem
2107 2231 2524 2307 procurrerat,

402 2327 703 2388 seclusam
752 2326 830 2387 ab
883 2324 1138 2407 reliquis
1194 2324 1510 2387 circumve
1557 2324 1729 2398 iunt,
1794 2325 1944 2404 tque
1993 2323 2387 2387 interficiunt
2435 2325 2531 2385 in-

402 2427 798 2506 columesque
825 2446 974 2488 cum
1001 2444 1231 2506 magna
1256 2426 1490 2504 praeda
1515 2445 1552 2487 e
1589 2444 1736 2504 8111
1762 2426 1956 2504 1101118
1989 2424 2059 2484 111
2099 2427 2304 2485 838113
2329 2444 2531 2487 18181-

481 2619 650 2681 LVI.
700 2620 877 2682 Dum
924 2620 1078 2683 haec
1123 2622 1239 2683 ad·
1262 2621 1537 2683 Ilerdam
1583 2622 1912 2701 geruntur,
1967 2617 2383 2681 Μ388111811888
2428 2619 2528 2681 1181

401 2687 472 2776 L.
524 2716 793 2777 Domitii
837 2717 1096 2779 consilio
1142 2737 1332 2779 naves
1374 2717 1594 2798 longas
1640 2715 1985 2823 expediunt
2032 2734 2295 2777 numero
2346 2732 2522 2791 1111,

402 2832 671 2891 quarum
695 2816 873 2875 crant
902 2830 981 2873 11
1009 2816 1229 2875 188138.
1321 2813 1529 2874 Multa
1549 2813 1676 2873 huc
1704 2812 1951 2873 minora
1974 2811 2229 2893 navigia
2255 2812 2522 2889 addunt,

400 2911 475 2969 ut
515 2909 650 2988 ipsa
689 2909 1103 2972 multitudine
1142 2913 1359 2972 nostra
1400 2908 1608 2971 classis
1641 2912 1967 2971 terreatur.
2061 2908 2369 2990 Magnum
2408 2930 2528 2971 nu-

400 3024 646 3067 merum
675 3006 1165 3087 sagittariorum,
1199 3027 1505 3089 magnum
1534 3005 1926 3081 Albicorum,
1960 3004 2038 3066 de
2069 3004 2297 3085 quibus
2338 3025 2529 3086 supra

400 3103 898 3165 demonstratum
940 3106 1052 3179 est,
1088 3104 1431 3184 imponunt
1478 3105 1665 3183 atque
1714 3102 1829 3163 hos
1877 3101 2171 3182 praemiis
2216 3102 2529 3181 pollicita-

399 3198 800 3281 tionibusque
849 3200 1138 3261 incitant.
1231 3199 1448 3263 Gertas
1492 3198 1612 3263 sibi
1651 3198 1942 3279 'deposcit
1989 3217 2177 3260 naves
2204 3189 2529 3262 Domitius

401 3299 589 3377 atque
618 3296 729 3359 has
758 3296 993 3358 colonis
1020 3296 1495 3377 pastoribusque
1538 3316 1692 3377 quos
1720 3315 1932 3357 secum
1972 3295 2319 3355 adduxerat
2359 3313 2529 3356 com-

399 3394 549 3473 plet.
642 3393 744 3455 Sic
773 3393 1066 3454 omnibus
1105 3394 1290 3455 rebus
1330 3393 1641 3455 instructa
1681 3392 1871 3453 classe
1913 3410 2146 3471 magna
2171 3389 2406 3453 fiducia
2445 3392 2529 3453 ad

398 3492 641 3552 nostras
688 3508 875 3551 naves
922 3490 1293 3569 procedunt,
1348 3488 1576 3570 quibus
1602 3491 1886 3568 praeerat
1915 3487 1996 3549 D.
2036 3487 2291 3549 Brutus.
2386 3487 2528 3551 Hae

321 3623 331 3636 ·
399 3589 477 3648 ad
506 3587 779 3648 insulam
805 3605 962 3667 quae
1010 3590 1104 3649 est
1143 3588 1363 3649 contra
1393 3584 1734 3646 Massiliam
1780 3584 2080 3647 stationes
2128 3582 2519 3645 obtinebant.

398 3683 604 3745 LVII.
654 3683 811 3743 Erat
865 3683 1068 3743 multo
1124 3680 1384 3744 inferior
1436 3694 1699 3743 numero
1767 3680 2030 3743 navium
2078 3678 2355 3757 Brutus3
2417 3681 2529 3742 sed

397 3778 623 3841 electos
648 3798 726 3840 81
752 3777 1044 3840 omnibus
1068 3778 1421 3857 legionibus
1445 3776 1820 3839 fortissimos
1844 3777 2030 3854 viros,
2056 3776 2523 3858 antesignanos,
