2734 4167
813 222 1044 275 OOMM
1087 222 1206 276 III.
1257 223 1420 276 G'AP.
1460 222 1976 306 XXXUI—XLI.
2437 230 2515 291 93

251 387 335 448 ad
362 385 724 448 custodiam
767 385 845 446 ab
882 385 1090 448 Acilio
1133 386 1360 467 posita,
1395 387 1686 468 pluribus
1732 408 2059 471 aggressus
2095 389 2390 467 navibus,

254 482 324 543 in
353 483 584 564 quibus
612 483 695 544 ad
721 482 950 543 libram
993 484 1227 545 fecerat
1253 487 1482 560 turres,
1517 489 1591 546 ut
1634 506 1711 547 ex
1758 485 2077 566 superiore
2103 506 2397 569 pugnans

255 579 392 640 loco
435 578 840 661 integrosque
889 599 1134 661 semper
1178 580 1545 663 defatigatis
1586 582 1994 645 summittens
2035 586 2098 645 et
2139 583 2397 664 reliquis
2523 650 2528 655 .

253 675 542 756 partibus
569 675 761 738 simul
789 697 866 738 ex
880 679 1050 739 terra
1076 677 1257 739 scalis
1287 681 1350 740 et
1374 679 1565 742 classe
1593 679 1844 741 moenia
1872 679 2091 760 oppidi
2113 683 2391 757 tentans,

253 773 355 834 uti
409 773 910 836 adversariorum
958 794 1183 835 manus
1231 774 1579 851 diduceret,
1612 776 1823 837 labore
1872 778 1937 838 et
1978 775 2397 840 multitudine
2480 782 2516 839 5

222 869 528 948 ,telorum
575 872 823 932 nostros
870 870 1046 946 vicit,
1082 871 1471 953 dejectisque
1521 872 1976 949 defensoribus,
2024 874 2136 956 qui
2179 895 2396 938 omnes

254 966 502 1047 scaphis
525 967 772 1048 excepti
799 968 1186 1049 refugerant,
1215 988 1354 1030 eam
1382 988 1610 1031 navem
1632 969 2025 1051 expugnavit
2046 972 2393 1053 eodemque

253 1066 539 1144 tempore
567 1085 645 1127 ex
685 1065 882 1127 altera
907 1068 1087 1146 parte
1132 1066 1362 1129 molem
1393 1067 1606 1128 tenuit
1646 1068 2005 1128 naturalem
2053 1069 2390 1149 objectam,

156 1183 162 1188 ·
240 1178 413 1241 ’quae
439 1181 640 1241 paene
668 1161 945 1224 insulam
972 1161 1281 1243 oppidum
1323 1162 1635 1238 effecerat,
1671 1166 2101 1245 quattuorque
2130 1165 2397 1228 biremes

254 1257 556 1339 subjectis
606 1258 872 1335 scutulis
916 1257 1220 1339 impulsas
1267 1259 1554 1322 vectibus
1601 1259 1672 1320 in
1720 1256 2090 1322 interiorem
2136 1264 2397 1342 portum
2439 1265 2518 1325 10

253 1353 561 1416 traduxit.
652 1354 755 1416 Ita
781 1374 858 1417 ex
885 1358 1152 1436 utraque
1181 1359 1361 1436 parte
1402 1375 1593 1419 naves
1621 1357 1841 1438 longas
1883 1375 2209 1438 aggressus
2238 1377 2397 1439 quae

255 1452 436 1512 erant
481 1451 790 1532 deligatae
839 1452 919 1513 ad
962 1454 1198 1514 terram
1225 1452 1462 1533 atque
1443 1472 1683 1528 manes,
1720 1470 1840 1513 1111
1870 1472 1946 1515 ex
1972 1452 2073 1514 his
2103 1454 2390 1531 abduxit,

253 1546 526 1628 reliquas
575 1547 881 1610 incendit.
992 1548 1134 1610 Hoc
1191 1549 1481 1612 confecto
1536 1549 1794 1658 negotio
1850 1549 1931 1611 D.
1970 1549 2261 1612 Laelium
2316 1552 2395 1613 ab

253 1642 536 1706 Asiatica
584 1645 776 1706 classe
824 1645 1175 1707 abductum
1228 1645 1509 1727 reliquit,
1545 1645 1653 1727 qui
1703 1649 2095 1708 commeatus
2140 1646 2395 1711 Bullide

253 1744 445 1822 atque
500 1740 807 1803 Amantia
861 1741 1193 1821 importari
1251 1741 1320 1802 in
1382 1740 1690 1822 oppidum
1748 1741 2141 1822 prohibebat.
2253 1743 2395 1824 Ipse
2438 1747 2514 1806 15

253 1838 510 1899 Lissum
536 1838 859 1918 profectus
886 1857 1075 1900 naves
1104 1837 1420 1900 onerarias
1451 1854 1600 1897 xxx
1627 1858 1665 1900 a
1694 1839 1781 1901 M.
1818 1837 2105 1901 Antonio
2146 1838 2396 1901 relictas

253 1933 426 1996 intra
452 1938 712 2014 portum
739 1950 1064 2016 aggressus
1104 1954 1322 1996 omnes
1350 1933 1640 1995 incendit
1667 1956 1686 2013 3
1729 1934 1980 1996 Lissum
2029 1954 2393 2017 expugnare

253 2034 520 2093 conatus
549 2031 1036 2093 defendentibus
1087 2030 1330 2093 civibus
1359 2030 1659 2092 Romanis
1709 2031 1819 2111 qui
1861 2032 2000 2113 ejus
2049 2035 2394 2093 conventus

253 2130 438 2191 erant
478 2127 913 2209 militibusque
943 2149 1097 2210 quos
1137 2127 1437 2210 praesidii
1480 2146 1668 2190 causa
1708 2127 1965 2191 miserat
2002 2127 2246 2203 Caesar,
2279 2127 2393 2188 tri-

254 2225 459 2286 duum
508 2229 790 2286 moratus
837 2225 1057 2305 paucis
1104 2225 1174 2287 in
1224 2224 1700 2307 oppugnatione
1749 2223 2020 2299 amissis
2040 2244 2107 2286 re
2155 2223 2394 2286 infecta
2434 2227 2515 2287 20

372 2342 405 2383 e
435 2321 739 2385 discessit.

335 2418 511 2479 LXI
564 2417 809 2495 Caesar,
856 2422 1194 2500 postquam
1243 2374 1620 2499 Pompeium
1669 2338 1952 2480 ad(
1873 2352 2221 2574 ᾖ
2151 2364 2418 2483 111οςεε(
2481 2414 2504 2461 s

255 2514 573 2597 cognovit,
598 2516 819 2577 eodem
847 2535 993 2577 cum
1023 2516 1302 2578 exercitu
1323 2515 1650 2596 profectus
1678 2517 2040 2595 expugnato
2167 2513 2394 2577 itinere

255 2611 488 2692 oppido
519 2592 995 2688 Parthinorum,
1028 2611 1099 2673 in
1142 2632 1267 2693 quo
1300 2612 1641 2692 Pompeius
1681 2610 2068 2692 praesidium
2093 2610 2387 2688 habebat,

254 2706 446 2770 tertio
474 2707 576 2770 die
605 2708 688 2769 ad
718 2707 1093 2788 Pompeium
1122 2709 1409 2788 pervenit
1437 2708 1746 2790 juxtaque
1774 2726 1922 2768 eum
1950 2709 2154 2768 castra
2181 2707 2392 2788 posuit
2434 2709 2512 2770 25

255 2806 319 2866 et
345 2803 653 2884 postridie
682 2804 927 2866 eductis
957 2805 1252 2867 omnibus
1280 2803 1478 2884 copiis
1508 2804 1640 2867 acie
1668 2803 1983 2865 instructa
2011 2803 2390 2865 decernendi

253 2903 633 2980 potestatem
662 2900 963 2980 Pompeio
1012 2901 1205 2964 fecit:
1275 2900 1409 2964 Ubi
1450 2901 1636 2961 illum
1670 2899 2017 2970 ’8111810018
2066 2919 2130 2961 se
2178 2902 2391 2962 tenere

254 2995 726 3072 animadvertit,
759 2998 1021 3059 reducto
1048 2997 1118 3059 in
1147 3000 1349 3060 castra
1375 2983 1657 3059 exercitu
1702 2995 1877 3057 aliud
1906 2994 2024 3057 sibi
2054 2995 2392 3057 consilium

253 3092 631 3174 capiendum
650 3092 1065 3157 existimavit.
1157 3094 1381 3175 Itaque
1416 3096 1665 3175 postero
1707 3093 1809 3154 die
1854 3091 2150 3153 omnibus
2194 3092 2393 3173 copiis

252 3209 485 3271 magno
515 3189 790 3251 circuitu
812 3189 1057 3252 difficili
1085 3193 1482 3272 angustoque
1505 3189 1731 3261 itinere
1755 3187 2229 3270 Dyrrhachium
2241 3208 2393 3268 -pro-
2434 3192 2514 3252 30

250 3285 462 3347 fectus
491 3288 605 3360 est,
634 3304 892 3366 sperans
916 3285 1289 3367 Pompeium
1317 3289 1430 3348 aut
1459 3278 1931 3368 Dyrrhachium
1959 3283 2251 3363 compelli
2279 3287 2392 3346 aut

252 3381 331 3442 ab
359 3400 432 3443 eo
473 3380 817 3465 intercludi
859 3401 1059 3462 posse,
1094 3383 1262 3464 quod
1306 3402 1561 3444 omnem
1602 3383 2029 3444 commeatum
2070 3378 2393 3461 totiusque

251 3476 400 3540 belli
428 3480 808 3558 apparatum
836 3498 909 3540 eo
938 3479 1310 3540 contulisset
1334 3499 1353 3556 3
1394 3480 1472 3539 ut
1499 3477 1748 3539 accidit.
1840 3474 2179 3557 Pompeius
2220 3475 2393 3538 enim

250 3573 459 3654 primo
488 3574 787 3656 ignorans
832 3576 972 3657 ejus
1021 3574 1380 3649 consilium,
1409 3576 1579 3655 quod
1608 3573 1851 3637 diverso
1900 3573 1979 3634 ab
2020 3589 2094 3633 ea
2136 3570 2392 3652 regione

248 3670 479 3734 itinere
506 3673 869 3753 profectum
912 3673 1189 3748 videbat,
1224 3671 1537 3752 angustiis
1585 3669 1674 3732 rei
1720 3667 2174 3731 frumentariae
2223 3686 2391 3729 com·
2433 3671 2510 3731 35

250 3768 511 3850 pulsum
539 3768 892 3833 discessisse
919 3769 1323 3832 existimabat
1347 3787 1366 3845 3
1408 3769 1627 3848 postea
1652 3785 1767 3846 per
1806 3767 2229 3846 exploratores
2260 3782 2391 3824 cer-
