2734 4167
996 196 1227 253 corlon.
1265 200 1349 253 II.
1396 200 1559 253 OAP.
1597 199 1881 252 X-XIV.
2476 201 2555 262 57

291 330 584 427 niinibus
612 364 813 426 doctis
842 383 1072 445 magna
1101 384 1248 425 cum
1268 362 1697 425 misericordia
1716 364 1993 444 fletuque
2020 361 2437 443 pronuntian-

293 466 424 525 tur.
518 461 714 523 XIII.
765 460 1010 535 Quibus
1051 461 1236 523 rebus
1277 461 1579 521 commoti
1620 460 1815 541 legati
1856 459 2091 521 milites
2134 479 2211 521 ex
2236 476 2437 539 -opere

291 559 646 633 deducunt,
697 556 1170 638 oppugnatione
1214 555 1575 633 desistunt3
1634 554 1929 636 operibus
1978 555 2409 617 custodiasre
2342 573 2438 617 re-

293 655 623 736 linquunt.
716 654 1123 715 Indutiarum
1178 654 1453 734 quodam
1508 673 1734 735 genere
1788 652 2219 714 misericordia
2264 652 2437 713 facto

291 752 609 815 adventus
641 735 921 812 Caesaris
949 752 1364 829 exspectatur.
1460 749 1733 812 Nullum
1760 769 1839 811 ex
1865 767 2071 824 muro,
2103 748 2359 809 nullum
2398 767 2437 809 a
2480 746 2497 761 ⁸
2519 751 2556 809 5

291 849 534 911 nostris
589 848 878 909 mittitur
932 848 1174 925 telum3
1227 851 1307 909 ut
1359 866 1426 910 re
1484 848 1775 913 confecta
1828 867 2043 909 omnes
2100 866 2317 909 curam
2372 849 2437 908 et

294 944 701 1027 diligentiam
743 944 1102 1032 remittunt.
1194 943 1428 1021 Caesar
1464 944 1639 1007 enim
1684 964 1799 1025 per
1836 944 2079 1026 litteras
2122 942 2435 1005 Trebonio

293 1061 682 1123 magnopere
723 1042 1136 1103 mandaverat
1161 1061 1244 1103 ne
1283 1062 1398 1122 per
1423 1041 1557 1106 vim
1598 1042 1910 1122 oppidum
1951 1036 2299 1121 expugnari
2325 1060 2436 1120 pa-

293 1142 563 1214 teretur,
611 1158 692 1200 ne
736 1138 990 1219 gravius
1015 1131 1304 1218 'permoti
1345 1139 1583 1201 milites
1628 1142 1694 1200 et
1740 1137 2113 1201 defectionis
2170 1137 2313 1197 odio
2370 1139 2434 1197 et

293 1220 775 1314 contemption'e
817 1234 914 1295 sui
956 1238 1020 1297 et
1048 1234 1302 1296 diutino
1329 1236 1541 1297 labore
1585 1254 1803 1297 omnes
1830 1236 2097 1314 puberes
2124 1234 2433 1295 interfice-
2476 1237 2554 1295 10

291 1333 483 1408 rent3
543 1331 713 1411 quod
769 1349 859 1392 se·
880 1331 1163 1393 facturos
1220 1330 1653 1407 minabantur,
1714 1350 2017 1411 aegreque
2073 1332 2229 1391 tunc
2284 1333 2433 1391 sunt

293 1426 531 1488 retenti
581 1427 739 1508 quin
793 1426 1102 1507 oppidum
1151 1426 1597 1506 irrumperent,
1653 1425 2053 1507 graviterque
2108 1445 2247 1487 eam
2300 1446 2435 1488 rem

291 1524 612 1600 tulerunt,
663 1525 833 1605 quod
861 1540 865 1543 ⁴
889 1524 1136 1587 stetisse
1181 1543 1296 1603 per
1343 1523 1755 1599 Trebonium,
1806 1522 2145 1603 quominus
2202 1523 2432 1603 oppido
2590 1575 2595 1581 .

293 1620 678 1699 potirentur,
731 1620 1083 1683 videbatur.
1186 1620 1366 1686 XIV.
1416 1617 1507 1680 At
1554 1620 1765 1681 hostes
1814 1618 1947 1681 sine
2001 1619 2139 1681 fide
2182 1622 2433 1699 tempus
2492 1660 2499 1665 -

295 1718 488 1796 atque
543 1716 935 1779 occasionem
989 1712 1234 1778 fraudis
1289 1736 1362 1779 ac
1412 1717 1543 1777 doli
1570 1720 1905 1797 equaerunt
1957 1716 2432 1797 interjectisque
2476 1720 2551 1779 15

297 1812 541 1893 aliquot
599 1812 826 1874 diebus
866 1813 1100 1875 nostris
1145 1812 1597 1893 languentibus
1636 1810 1840 1904 atque
1896 1812 2109 1876 animo
2156 1812 2433 1875 remissi’s

299 1908 512 1969 subito
559 1908 912 1969 meridiano
955 1912 1292 2016 tempore,
1311 1920 1479 1971 cum
1504 1910 1663 1982 alius
1712 1910 2118 2019 disc-essisset,
2152 1910 2314 1971 alius
2358 1930 2453 1981 ex-

299 2003 555 2065 diutino
583 2004 840 2065 labore
823 2024 893 2084 111
920 2004 1074 2084 ipsis
1103 2004 1399 2085 operibus
1442 2005 1679 2085 quieti
1670 2024 1733 2067 se
1761 1979 2055 2093 dedisset,
2090 2026 2264 2067 arma
2288 2026 2433 2068 vero

298 2100 516 2161 omnia
542 2101 814 2180 reposita
844 2104 1260 2182 contectaque
1288 2105 1538 2185 essent,
1524 2102 1742 2182 portis
1773 2122 1837 2175 se
1865 2104 2033 2163 foras
2062 2106 2427 2182 erumpunt,

299 2198 578 2259 secundo
620 2218 973 2279 magnoque
1015 2201 1208 2261 vento
1249 2197 1466 2279 ignem
1509 2199 1801 2278 operibus
1841 2198 2149 2273 inferunt.
2241 2199 2435 2261 Hunc
2477 2203 2555 2261 20

298 2293 391 2355 sic
441 2293 694 2355 distulit
741 2298 990 2371 ventus,
1026 2295 1122 2356 uti
1166 2315 1296 2355 uno
1344 2298 1628 2375 tempore
1656 2314 1863 2376 agger,
1898 2295 2123 2375 plutei,
2156 2297 2427 2372 testudO,

301 2390 520 2467 turriS‚
553 2393 874 2453 tormenta
899 2392 1222 2453 flammam
1256 2391 1661 2471 conciperent
1705 2396 1771 2455 et
1818 2393 1995 2473 prius
2023 2392 2177 2453 haec
2225 2393 2435 2453 omnia

297 2491 828 2565 consumerentur
855 2508 1046 2568 quam
1078 2489 1613 2567 quemadmodum
1655 2488 1983 2550 accidisset
2018 2488 2434 2551 animadverti

297 2586 529 2664 posset.
597 2584 820 2645 Nostri
848 2584 1182 2671 repentina
1206 2585 1471 2646 fortuna
1488 2584 1760 2665 permoti
1788 2604 1963 2645 arma
1990 2604 2147 2665 quae
2173 2588 2436 2665 possunt

299 2680 666 2759 arripiunt3
706 2681 815 2743 alii
855 2701 932 2743 ex
977 2680 1200 2743 castris
1245 2700 1373 2743 sese
1417 2680 1709 2742 incitant.
1800 2680 1909 2741 Fit
1952 2681 2023 2741 in
2066 2681 2274 2744 hostes
2318 2682 2435 2743 im·
2477 2687 2553 2745 25

299 2779 530 2857 petus;
571 2778 680 2839 sed
719 2797 752 2839 e
791 2797 974 2838 muro
1011 2776 1259 2857 sagittis
1291 2777 1748 2857 tormentisque
1791 2776 2110 2857 fugientes
2148 2778 2435 2858 persequi

299 2872 740 2953 prohibentur.
831 2873 941 2933 Illi
969 2874 1086 2935 sub
1114 2894 1374 2934 murum
1402 2894 1466 2935 se
1493 2873 1809 2953 recipiunt
1838 2872 2049 2953 ibique
2076 2874 2437 2934 musculum

299 2967 660 3048 turrimque
686 2969 1034 3031 latericiam
1060 2970 1253 3031 libere
1281 2969 1654 3031 incendunt.
1744 2968 1847 3029 Ita
1873 2969 2221 3029 multorum
2262 2988 2435 3030 men-

301 3063 474 3126 sium
500 3065 677 3125 labor
703 3065 986 3126 hostium
1027 3066 1294 3145 perfidia
1337 3068 1403 3127 et
1446 3066 1513 3129 vi
1553 3065 1950 3145 tempestatis
1995 3067 2233 3145 puncto
2278 3068 2435 3127 tem-

300 3159 475 3240 poris
518 3159 782 3221 interiit.
873 3161 1310 3223 Tentaverunt
1349 3161 1475 3241 hoq
1516 3161 1687 3223 idem
1726 3160 2144 3222 Massilienses
2187 3162 2435 3240 postero
2477 3164 2555 3222 30

303 3256 428 3318 die.
519 3256 808 3319 Eandem
854 3257 1029 3319 nacti
1085 3244 1529 3337 tempestatem
1584 3257 1823 3337 majore
1878 3276 2027 3318 cum
2068 3255 2303 3317 fiducia
2355 3258 2436 3318 ad

301 3353 572 3414 alteram
627 3353 860 3414 turrim
915 3373 1330 3434 aggeremque
1385 3352 1719 3433 eruptione
1772 3355 2219 3433 pugnaverunt
2272 3353 2435 3412 mul-

302 3452 572 3528 tumque
633 3447 846 3529 ignem
905 3448 1285 3511 intulerunt.
1408 3449 1532 3511 Sed
1589 3451 1667 3510 ut
1736 3448 2073 3529 superioris
2136 3448 2435 3527 temporis

303 3543 781 3607 contentionem
835 3544 1034 3606 nostri
1091 3564 1343 3606 omnem
1373 3544 1776 3620 remiserant,
1840 3543 1932 3604 ita
1984 3544 2256 3623 proximi
2311 3542 2435 3604 diei

301 3660 456 3704 casu
511 3640 819 3701 admoniti
869 3640 1083 3701 omnia
1136 3641 1218 3702 ad
1259 3640 1688 3703 defensionem
1734 3642 2124 3720 paraverant.
2216 3639 2435 3717 Itaque
2476 3640 2553 3699 35

303 3736 530 3799 multis
557 3735 908 3799 interfectis
933 3735 1206 3816 reliquos
1233 3737 1473 3801 infecta
1504 3756 1571 3822 re
1596 3736 1667 3797 in
1694 3735 2003 3815 oppidum
2042 3736 2427 3813 repulerunt.
