2734 4167
304 219 381 279 62
732 185 737 190 ’
1056 218 1174 294 ΒΕ
1211 217 1477 273 BELLo
1525 218 1787 273 GJVJLJ

494 378 715 444 XXII.
752 382 1165 445 Massilienses
1187 382 1483 445 omnibus
1504 383 1727 467 defessi
1750 381 1951 458 malis,
1978 383 2068 446 rei
2088 381 2545 446 frumentariae

413 475 498 541 ad
544 498 857 541 summam
905 480 1186 561 inopiam
1234 479 1515 555 adducti,
1561 480 1657 541 bis
1701 480 1911 542 navali
1952 479 2190 561 proelio
2238 478 2539 562 superati,

414 573 646 636 crebris
687 575 1124 656 eruptionibus
1164 575 1315 651 susi,
1348 575 1523 656 gravi
1565 575 1757 637 etiam
1797 575 2158 656 pestilentia
2198 575 2546 637 conflictati
2593 641 2602 650 ‚

413 691 492 732 ex
519 670 770 736 diutina
795 673 1194 736 conclusione
1224 677 1288 735 et
1314 673 1668 735 mutatione
1695 672 1900 734 victus
1947 672 2199 754 (panico
2241 670 2413 733 enim
2441 689 2572 733 ve·⁴
2608 744 2613 748 ,

334 772 370 828 5
412 769 548 831 tere
575 770 764 849 atque
792 769 1028 832 hordeo
1056 766 1361 850 corrupto
1388 790 1605 832 omnes
1633 770 1981 844 alebantur,
2015 769 2186 849 quod
2213 768 2294 829 ad
2320 768 2546 850 hujus-

413 863 587 925 modi
628 884 806 926 casus
847 866 1203 946 antiquitus
1250 869 1544 950 paratum
1591 865 1663 927 in
1710 865 2038 945 publicum
2083 862 2539 944 contulerant),

414 959 663 1041 dejecta
689 961 873 1037 turri,
907 962 1217 1025 labefacta
1251 977 1483 1044 magna
1508 964 1686 1043 parte
1713 960 1918 1036 muri,
1952 960 2203 1022 auxiliis
2230 959 2547 1040 provinci-

413 1074 595 1116 arum
624 1059 688 1118 et
717 1057 1112 1119 exercituum
1147 1058 1510 1138 desperatis,
1545 1077 1705 1138 quos
1746 1056 1818 1118 in
1846 1056 2124 1119 Caesaris
2165 1058 2547 1135 potestatem

412 1150 652 1217 venisse
707 1156 1149 1235 cognoverant,
1204 1173 1333 1216 sese
1382 1154 1609 1216 dedere
1660 1152 1791 1215 sine
1839 1152 2066 1215 fraude
2115 1151 2537 1213 constituunt.

295 1250 371 1308 10
414 1246 540 1310 Sed
573 1249 790 1329 paucis
833 1252 978 1312 ante
1021 1250 1242 1313 diebus
1285 1251 1357 1312 L.
1396 1249 1717 1311 Domitius
1759 1249 2011 1331 cognita
2055 1247 2546 1310 Massiliensium

411 1345 737 1407 voluntate
765 1345 1032 1408 navibus
1059 1363 1150 1407 111
1179 1346 1575 1426 comparatiS,
1603 1366 1681 1408 ex
1701 1345 1929 1425 quibus
1951 1346 2107 1407 duas
2123 1345 2546 1407 familiaribus

411 1440 540 1503 suis
581 1441 976 1518 attribuerat,
1022 1462 1216 1504 unam
1257 1443 1391 1523 ipse
1434 1443 1900 1518 conscenderat,
1954 1445 2178 1504 nactus
2221 1440 2548 1503 turbidam

408 1538 852 1616 tempestatem
900 1538 1223 1618 profectus
1264 1541 1376 1602 est.
1468 1538 1663 1600 Hunc
1713 1537 2105 1618 conspicatae
2154 1557 2343 1599 naves
2384 1556 2546 1617 quac

409 1632 605 1694 missu
629 1633 813 1695 Bruti
843 1635 1300 1697 consuetudine
1328 1634 1699 1715 quotidiana
1725 1635 1807 1696 ad
1833 1636 2091 1714 portum
2120 1634 2538 1708 excubabant,

291 1731 366 1791 15
409 1729 671 1791 sublatis
699 1730 942 1791 ancoris
970 1731 1145 1811 sequi
1175 1733 1538 1812 coeperunt.
1629 1731 1728 1791 Ex
1756 1730 1856 1791 his
1896 1750 2100 1791 unum
2128 1730 2326 1809 ipsius
2367 1728 2546 1790 navi-

407 1824 587 1906 gium
615 1826 944 1888 contendit
972 1829 1036 1888 et
1062 1827 1284 1908 fugere
1312 1826 1732 1907 perseveravit
1760 1825 2118 1906 auxilioque
2145 1824 2544 1906 tempestatis

408 1940 486 1983 ex
526 1925 865 2001 conspectu
907 1921 1083 1998 abiit,
1117 1924 1245 1984 duo
1284 1922 1643 2009 perterrita¹
1668 1941 1976 1985 concursu
2024 1912 2384 1983 nostrarum
2432 1941 2544 1984 na?

407 2016 584 2079 vium
612 2038 740 2081 sese
769 2018 839 2079 in
865 2021 1122 2098 portum
1151 2021 1544 2099 receperunt.
1618 2018 2035 2081 Massilienses
2063 2038 2238 2081 arma
2264 2022 2543 2084 tormen·
2573 2021 2578 2026 ’

405 2116 595 2195 taque
645 2134 722 2176 ex
770 2114 1023 2194 oppid0,
1077 2118 1153 2176 ut
1201 2118 1295 2178 est
1349 2115 1755 2194 imperatum,
1809 2114 2166 2195 proferunt,
2219 2134 2410 2177 naves
2464 2135 2545 2177 ex

286 2216 365 2275 20
406 2216 596 2295 portu
638 2214 1086 2295 navalibusque
1128 2217 1432 2291 educunt,
1465 2214 1801 2294 pecuniam
1836 2234 1914 2276 ex
1952 2213 2208 2295 publico
2249 2215 2535 2278 tradunt.

407 2310 650 2385 Quibus
705 2311 891 2372 rebus
946 2311 1252 2373 confectis
1302 2310 1528 2372 Caesar
1583 2310 1804 2390 magis
1837 2329 1941 2372 eos
1993 2327 2109 2390 pro
2162 2310 2421 2372 nomine
2478 2314 2544 2373 et

405 2409 718 2469 vetustate
761 2427 952 2487 quam
992 2427 1107 2488 pro
1148 2407 1392 2469 meritis
1430 2407 1502 2467 in
1543 2426 1607 2468 se
1648 2406 1922 2469 civitatis
1971 2427 2343 2469 conservans
2383 2408 2543 2469 duas

404 2501 495 2565 ibi
522 2503 798 2584 legiones
825 2504 1136 2584 praesidio
1162 2503 1442 2584 reliquit,
1476 2505 1713 2565 ceteras
1740 2502 1810 2564 in
1838 2503 2092 2565 Italiam
2120 2502 2365 2581 mittit;
2406 2504 2542 2583 ipse

407 2618 444 2660 a
517 2600 740 2661 urbem
767 2600 1205 2692 prpficiscitur.

284 2700 361 2759 25
474 2745 475 2748 η

468 2671 509 2766 s
551 2705 747 2873 XII&
791 2715 1025 2855 {isdein
1053 2794 1444 2874 temporibus
1474 2792 1544 2855 C.
1577 2792 1769 2855 Curio
1795 2792 1867 2865 in
1894 2792 2183 2868 Africam
2210 2792 2539 2872 profectus

404 2909 482 2951 ex
532 2881 759 2972 Sicilia
793 2892 859 2951 et
905 2890 1039 2971 J‘am
1088 2890 1166 2950 ab
1212 2889 1400 2966 initio
1447 2888 1656 2968 copias
1687 2889 1755 2950 P.
1793 2888 1936 2949 Atti
1964 2888 2119 2950 Vari
2162 2888 2534 2968 despiciens,

404 2986 560 3047 duas
607 2984 882 3066 legiones
930 3005 1008 3046 ex
1049 3001 1170 3046 1111
1211 3005 1363 3065 quas
1413 2986 1736 3064 acceperat
1783 3004 1821 3045 a
1870 2983 2150 3059 Caesare,
2199 3000 2244 3043 D
2294 2984 2541 3064 equites

399 3084 888 3163 transportabat,
921 3083 1239 3163 biduoque
1282 3086 1347 3144 et
1388 3083 1680 3144 noctibus
1707 3081 1910 3143 tribus
1951 3080 2352 3162 navigatione
2393 3101 2541 3144 con-

282 3183 361 3241 30
402 3179 672 3259 sumptis
712 3178 974 3259 appellit
1014 3181 1095 3240 ad
1137 3198 1284 3241 eum
1323 3179 1536 3239 locum
1577 3177 1686 3257 qui
1728 3178 2085 3257 appellatur
2111 3177 2529 3257 Anquillaria.

403 3275 532 3338 Hic
559 3276 734 3338 locus
761 3276 936 3337 abest
964 3295 1002 3336 a
1031 3274 1286 3354 Clupeis
1327 3293 1626 3354 passuum
1661 3289 1821 3334 xxn
1860 3273 2037 3334 milia
2063 3273 2381 3353 habetque
2410 3294 2540 3336 non

400 3371 869 3433 incommodam
910 3374 1144 3433 aestate
1186 3370 1523 3432 stationem
1552 3372 1617 3431 et
1645 3370 1891 3431 duobus
1933 3368 2362 3432 eminentibus
2397 3390 2539 3452 pro-

406 3466 739 3529 montoriis
767 3467 1148 3529 continetur.
1213 3467 1433 3547 Hujus
1461 3466 1806 3527 adventum
1829 3466 1901 3528 L.
1933 3466 2159 3528 Caesar
2185 3465 2356 3528 filius
2391 3488 2542 3530 cum

404 3578 454 3623 x
479 3561 687 3643 longis
713 3562 980 3624 navibus
1020 3564 1101 3624 ad
1131 3562 1438 3642 Clupeam
1471 3562 1877 3641 praestolans,
1911 3582 2064 3642 quas
2090 3582 2281 3625 naves
2310 3562 2540 3626 Uticae

286 3660 365 3718 35
406 3676 485 3718 ex
523 3657 915 3737 praedonum
955 3659 1120 3720 bello
1161 3660 1502 3720 subductas
1542 3657 1612 3720 P.
1662 3657 1883 3720 Attius
1931 3657 2301 3721 reficiendas
2340 3658 2541 3742 hujus

406 3751 557 3813 belli
583 3772 770 3815 causa
799 3757 1144 3830 curaverat,
1178 3753 1426 3823 veritus
1460 3755 1722 3816 navium
1762 3753 2247 3818 multitudinem
2288 3773 2370 3818 ex
2409 3758 2539 3820 alto
