2734 4167
322 190 400 249 18
1090 186 1207 237 DE
1245 186 1503 237 ΒΕΖΗ)
1553 186 1800 240 CJVJLJ

435 348 586 409 ludo
631 348 923 423 habebat,
972 349 1055 409 ad
1101 349 1316 409 forum
1354 350 1699 429 productos
1744 349 2059 410 Lentulus
2103 369 2212 430 spe
2255 350 2577 415 libertatis
2701 417 2702 426 ,

437 446 769 506 confirmat
812 448 1000 527 atque
1029 446 1130 506 his
1175 467 1366 527 equos
1412 445 1709 507 attribuit
1736 448 1800 507 et
1829 466 1892 508 se
1936 446 2112 527 sequi
2139 446 2375 527 J‘ussit3
2417 469 2576 529 quos
2654 488 2661 494 ·

435 545 651 622 postea
677 542 958 603 monitus
987 543 1064 604 ab
1094 543 1243 618 suis,
1279 543 1452 622 quod
1497 562 1569 604 ea
1613 562 1709 603 res
1754 541 2044 603 omnium
2072 542 2318 623 judicio
2365 564 2575 625 repre-
2689 565 2694 588 ⁴

42 659 145 700 F
158 643 221 698 322
230 631 317 684 5⁰*
435 636 850 714 hendebatur,
878 638 1050 699 circu
1149 638 1425 699 familias
1455 640 1805 699 conventus
1836 637 2219 718 Campaniae
2250 641 2575 702 custodiae

355 738 391 794 5
436 753 621 795 causa
665 729 992 795 distribuit
1103 734 1246 795 XV.
1298 734 1579 794 Auximo
1628 734 1853 795 Caesar
1899 753 2265 842 progressus
2315 757 2575 798 omnem
2687 747 2691 810 ᾗ

435 850 660 910 agrum
694 830 1002 891 Picenum
1031 831 1362 938 percurrit.
1459 830 1741 891 Cunctae
1784 850 2001 892 earum
2030 830 2367 911 regionum
2394 852 2576 912 prae-

435 926 715 987 secturae
762 926 1199 988 libentissimis
1242 926 1474 987 animis
1531 947 1678 987 eum
1733 927 2054 1006 recipiunt
2097 928 2576 1009 exercitumque
2687 999 2688 1008 χ

436 1023 574 1103 ejus
603 1023 898 1086 omnibus
924 1024 1110 1085 rebus
1136 1024 1386 1104 juvant.
1479 1024 1699 1085 Etiam
1729 1024 2026 1105 Cingu10,
2062 1024 2232 1104 quod
2262 1025 2577 1104 oppidum

438 1119 755 1180 Labienus
810 1119 1228 1182 constituerat
1284 1140 1519 1202 suaque
1574 1120 1847 1201 pecunia
1903 1120 2441 1197 exaedificaverat,
2494 1122 2578 1183 ad
2689 1111 2702 1178 1

316 1219 393 1275 10
436 1235 583 1276 611111
638 1215 831 1295 legati
888 1216 1174 1291 veniunt,
1238 1237 1519 1298 quaeque
1579 1215 1984 1296 imperaverit
2039 1235 2102 1277 se
2165 1216 2576 1296 cupidissime

435 1312 719 1372 facturos
775 1312 1177 1392 pollicentur.
1269 1313 1508 1374 Milites
1563 1312 1875 1392 imperat:
1932 1312 2224 1373 mittunt.
2318 1312 2579 1406 Interea
2689 1309 2702 1398 J

435 1407 597 1488 legio
628 1424 737 1468 XII
769 1407 1097 1484 Caesarem
1138 1409 1562 1490 consequitur.
1658 1408 1824 1470 Cum
1859 1408 1959 1469 his
1988 1409 2234 1469 duabus
2262 1407 2579 1470 Asculum

438 1504 746 1564 Picenum
800 1504 1236 1584 proficiscitur.
1330 1505 1408 1566 Id
1458 1505 1767 1585 oppidum
1812 1504 2133 1565 Lentulus
2176 1503 2480 1584 Spinther
2532 1523 2578 1567 x
2685 1503 2702 1596 ᾖ

437 1600 802 1661 cohortibus
843 1601 1140 1678 tenebat3
1184 1601 1293 1682 qui
1341 1601 1621 1663 Caesaris
1662 1602 1942 1663 adventu
1988 1600 2245 1683 cognito
2286 1602 2580 1684 profugit

316 1700 392 1757 15
437 1717 513 1758 ex
541 1695 1205 1776 oppidocohortesque
1235 1717 1449 1759 secum
1478 1698 1788 1759 abducere
1830 1700 2095 1758 conatus
2137 1717 2369 1779 magna
2394 1701 2580 1779 parte
2685 1719 2688 1726 '

435 1793 716 1853 militum
745 1792 1073 1854 deseritur.
1167 1795 1449 1856 Relictus
1477 1794 1546 1855 in
1568 1794 1793 1856 itinere
1823 1814 1972 1855 cum
2001 1794 2219 1874 paucis
2248 1794 2478 1856 incidit
2507 1794 2578 1857 in

435 1891 793 1953 Vibullium
837 1892 1081 1952 Rufum
1125 1892 1389 1954 missum
1438 1913 1476 1954 a
1525 1892 1827 1972 Pompeio
1875 1891 1942 1951 in
1989 1912 2214 1973 agrum
2267 1892 2580 1955 Picenum

438 1988 1018 2050 confirmandorum
1060 1987 1397 2049 hominum
1439 2009 1642 2051 causa.
1733 1987 1795 2048 A
1836 2008 1960 2069 quo
2002 1989 2213 2050 factus
2253 1989 2580 2052 Vibullius

438 2085 665 2148 certior
696 2104 855 2165 quae
897 2104 996 2146 res
1037 2084 1106 2145 in
1136 2084 1369 2147 Piceno
1398 2089 1786 2167 gererentur,
1821 2085 2071 2146 milites
2097 2086 2175 2146 ab
2204 2105 2276 2147 eo
2318 2073 2575 2167 accipit,

317 2188 396 2244 20
436 2182 645 2263 ipsum
690 2180 981 2243 dimittit.
1075 2182 1239 2243 Item
1290 2204 1367 2244 ex
1416 2182 1707 2243 finitimis
1754 2181 2115 2263 regionibus
2156 2197 2320 2262 ’quas
2367 2186 2581 2263 potest

440 2277 759 2339 contrahit
803 2277 1088 2340 cohortes
1130 2299 1207 2340 ex
1234 2278 1582 2340 delectibus
1614 2277 2059 2359 Pompeianis3
2101 2277 2171 2338 in
2212 2277 2315 2340 his
2357 2278 2581 2342 Came·

438 2375 576 2435 rino
619 2373 977 2454 fugientem
1006 2374 1328 2435 Lucilium
1359 2374 1632 2458 Hirrum
1675 2395 1821 2436 cum
1863 2395 1970 2436 sex
1998 2374 2385 2451 cohortibuS,
2423 2397 2581 2457 quas

437 2470 526 2531 ibi
554 2470 623 2530 in
652 2470 963 2549 praesidio
985 2471 1313 2546 habuerat,
1342 2471 1579 2551 excipit
1605 2494 1622 2548 3
1666 2472 1896 2552 quibus
1924 2472 2155 2533 coactis
2185 2488 2325 2532 XI11
2355 2472 2573 2535 efficit.

441 2564 605 2627 Cum
621 2566 721 2628 his
750 2568 831 2628 ad
859 2567 1221 2628 Domitium
1255 2567 1756 2629 Ahenobarbum
1800 2568 2151 2630 Corfinium
2180 2569 2431 2651 magnis
2473 2569 2581 2630 iti-

316 2665 393 2723 25
435 2663 694 2724 neribus
722 2663 1010 2743 pervenit
1041 2663 1496 2744 Caesaremque
1525 2664 1737 2726 adesse
1766 2684 1914 2725 cum
1942 2663 2298 2745 legionibus
2326 2666 2581 2727 duabus
2701 2683 2702 2738 ζ

436 2759 715 2820 nuntiat.
808 2758 1132 2821 Domitius
1186 2779 1299 2840 per
1353 2779 1418 2821 se
1474 2759 1726 2822 circiter
1784 2777 1881 2821 xx
1930 2761 2217 2822 cohortes
2262 2760 2448 2837 Alba,
2502 2782 2580 2824 ex

438 2855 660 2916 Marsis
701 2859 766 2917 et
797 2855 1097 2937 Pelignis,
1134 2855 1427 2918 finitimis
1470 2857 1549 2918 ab
1579 2857 1941 2938 regionibus
1983 2860 2290 2938 coegerat.
2384 2858 2570 2921 XVI.

308 2939 321 2952 ³
438 2952 711 3032 Recepto
754 2951 986 3013 Asculo
1030 2954 1411 3035 expulsoque
1444 2954 1722 3015 Lentulo.
1751 2953 1979 3015 Caesar
2008 2953 2298 3034 conquiri
2335 2954 2579 3017 milites
2701 2969 2702 2996 1

437 3050 543 3130 qui
568 3051 644 3111 ab
668 3070 739 3111 eo
763 3050 1194 3125 discesserant,
1218 3051 1662 3131 delectumque
1684 3049 1940 3112 institui
1959 3050 2141 3131 J‘ubet
2165 3073 2181 3126 3
2211 3050 2347 3130 ipse
2372 3072 2578 3114 unum

238 3175 245 3182 ¹
315 3151 394 3207 30
437 3146 603 3207 diem
652 3145 741 3207 ibi
787 3145 877 3207 rei
925 3146 1381 3229 frumentariae
1438 3166 1625 3208 causa
1679 3150 1963 3207 moratus
2015 3145 2369 3207 Corfinium
2428 3167 2577 3209 con-

435 3243 661 3304 tendit.
739 3243 834 3303 Eo
858 3262 1006 3303 cum
1027 3243 1316 3318 venisset,
1342 3243 1630 3304 cohortes
1651 3259 1698 3304 V
1719 3242 2096 3351 praemissae
2118 3262 2156 3303 a
2177 3242 2467 3305 Domitio
2497 3265 2578 3306 ex
2701 3255 2702 3258 ’

382 3375 385 3376 ⁷
435 3340 667 3420 oppido
694 3343 957 3421 pontem
992 3340 1272 3402 fluminis
1301 3339 1876 3420 interrumpebant,
1912 3339 2021 3419 qui
2054 3341 2189 3401 erat
2216 3341 2294 3401 ab
2339 3339 2577 3421 oppido

435 3437 613 3497 milia
639 3457 940 3545 passuum
969 3436 1217 3498 circiter
1245 3453 1353 3498 111.
1449 3436 1546 3498 Ibi
1572 3456 1720 3498 cum
1748 3435 2262 3497 antecursoribus
2285 3435 2578 3501 Caesaris

434 3534 669 3614 proelio
693 3533 1023 3594 commisso
1052 3533 1335 3595 celeriter
1358 3532 1716 3594 Domitiani
1739 3552 1776 3593 a
1797 3535 1993 3613 ponte
2022 3531 2260 3610 repulsi
2285 3552 2348 3594 se
2371 3532 2443 3593 in
2465 3554 2577 3614 op-

315 3634 391 3692 35
433 3631 658 3710 pidum
699 3634 1087 3709 receperunt.
1183 3630 1409 3692 Caesar
1435 3630 1789 3710 legionibus
1816 3627 2127 3689 traductis
2153 3627 2238 3688 ad
2260 3627 2575 3708 oppidum

435 3726 723 3787 constitit
750 3727 1056 3806 juxtaque
1086 3746 1359 3809 murum,
1376 3729 1582 3787 castra
1610 3724 1840 3805 posuit.
