2734 4167
984 147 1218 203 cosm.
1256 148 1342 202 11.
1386 131 1545 203 σᾸΡ.
1584 150 1721 202 II—
1730 150 1825 204 VI.
2444 160 2522 220 53

509 234 637 294 οἱ.
1674 259 1676 261 .

263 261 766 394 effluerent,
800 316 1029 396 plenus
1068 312 1200 394 spei
1240 313 1443 375 bonae
1485 316 1674 394 atque
1717 314 1916 377 animi
1958 317 2256 381 adversus
2296 336 2400 380 eos

265 416 741 502 proficisciturg·
796 412 1012 475 Facile
1053 412 1187 474 erat
1228 429 1305 472 ex
1346 409 1564 471 castris
1609 409 1679 472 O.
1719 410 2006 473 Treboni
2037 415 2227 493 atque
2273 433 2405 475 om-

268 515 454 577 nibus
481 509 907 593 superioribus
933 507 1087 569 locis
1113 505 1469 586 prospicere
1491 506 1562 567 in
1587 507 1833 585 urbem,
1853 510 1929 578 ut
1950 509 2156 571 omnis
2174 510 2403 590 juven-

224 674 230 679 ,
263 614 373 674 tus
365 628 559 722 )quae
586 608 657 669 in
701 604 936 686 oppido
980 606 1384 680 remanserat,
1418 619 1760 684 omnesque
1805 594 2140 685 superioris
2181 606 2407 670 aetatis

252 726 417 770 cum
442 702 658 766 liberis
687 705 875 782 atque
915 699 1219 762 uxoribus
1264 702 1379 761 aut
1419 699 1489 760 in
1539 720 1724 762 muro
1768 701 1850 762 ad
1893 703 2138 764 caelum
2180 723 2408 765 manus
2488 708 2525 768 5

264 802 626 875 tenderent,
662 800 775 860 aut
802 797 1045 877 templa
1073 797 1337 859 deorum
1381 794 1841 864 immortalium
1882 798 2133 861 adirent
2166 802 2232 860 et
2258 801 2407 862 ante

268 898 608 960 simulacra
632 893 905 975 projecti
931 893 1264 957 victoriam
1292 893 1371 954 ab
1402 893 1499 955 dis
1525 897 1950 973 exposcerent.
2022 895 2243 976 Neque
2271 899 2406 959 erat

269 994 605 1074 quisquam
645 993 956 1066 omnium,
991 990 1148 1072 quin
1190 990 1259 1050 in
1294 989 1433 1070 ejus
1461 989 1586 1052 djei
1628 1009 1777 1053 casu
1817 1011 2074 1055 suarum
2116 994 2407 1056 omnium

268 1093 681 1157 fortunarum
707 1091 1008 1153 eventum
1029 1086 1367 1149 consistere
1396 1086 1800 1150 existimaret.
1871 1089 2041 1151 Nam
2062 1093 2127 1153 et
2153 1090 2405 1153 honesti
2659 1151 2670 1164 ,

271 1208 348 1251 ex
376 1188 718 1269 juventute
747 1188 811 1247 et
842 1185 1152 1265 cujusque
1181 1182 1408 1245 aetatis
1438 1182 1811 1263 amplissimi
1842 1186 2223 1248 nominatim
2263 1207 2404 1250 evo·
2447 1191 2526 1248 10
2627 1173 2722 1260 *Γ

271 1284 400 1347 cati
430 1286 621 1363 atque
651 1281 957 1353 obsecrati
984 1299 1175 1343 naves
1204 1281 1721 1357 conscenderant,
1755 1284 1851 1358 ut,
1886 1282 1938 1343 si
1969 1282 2125 1362 quid
2162 1284 2405 1346 adversi
2561 1265 2650 1396 ἄρ’

272 1379 623 1454 accidisset,
657 1398 738 1439 ne
789 1377 872 1439 ad
916 1377 1279 1438 conandum
1328 1375 1589 1457 quidem
1635 1376 1753 1438 sibi
1800 1378 2140 1459 quicquam
2179 1379 2407 1461 reliqui

271 1478 409 1538 fore
454 1475 788 1552 viderent3
830 1474 883 1536 si
926 1473 1410 1553 superavissent,
1464 1473 1565 1536 vel
1622 1474 1982 1537 domesticis
2038 1477 2263 1557 opibus
2307 1477 2407 1540 vel

273 1572 552 1637 externis
581 1571 834 1633 auxiliis
863 1571 940 1633 de
969 1570 1171 1633 salute
1199 1569 1377 1632 urbis
1404 1571 1813 1633 confiderent.
1860 1563 1896 1656 l
1903 1572 2019 1634 VI.
2058 1571 2407 1635 Commisso

64 1669 205 1734 ww?
272 1668 513 1756 proelio
552 1657 1125 1772 'Rassiliensibuss
1122 1687 1220 1729 res
1259 1667 1454 1748 ,nulla
1508 1667 1589 1728 ad
1644 1667 1950 1730 virtutem
2005 1669 2215 1732 defuit
2238 1661 2408 1749 {sed
2449 1673 2527 1732 15

12 1726 601 1876 ,uwffQmoreffi
627 1731 846 1827 ebrum
873 1765 1353 1844 praeceptorum
1403 1783 1562 1845 quae
1610 1764 1800 1844 paulo
1843 1768 1991 1827 ante
1995 1765 2267 1854 ‘ab-‘suis
2308 1757 2408 1830 ac‘-

12 1903 19 1920 ,
49 1823 201 1941 &BN
273 1864 596 1942 ceperant,
629 1861 750 1923 hoc
795 1859 1007 1921 animo
1056 1861 1485 1935 decertabant,
1519 1863 1597 1921 ut
1636 1829 2112 1966 nullquuq
2131 1857 2136 1866 ’
2155 1866 2408 1943 tempus

22 1947 31 1958 ’
105 1979 139 2019 7
275 1961 358 2023 ad
383 1958 751 2022 conandum
779 1955 1062 2019 habituri
1091 1951 1583 2033 viderentur-,et
1610 1957 1839 2042 quibus
1874 1959 1943 2021 in
1971 1951 2199 2041 ,pugna
2240 1961 2408 2023 vitae

131 2058 145 2068 “
274 2056 635 2138 periculum
680 2054 992 2140 accideret
1039 2074 1170 2115 non
1214 2044 1320 2116 ita*
1353 2055 1560 2116 multo
1615 2039 1686 2134 ἐξ
1733 2054 2119 2136 reliquorum
2167 2057 2407 2119 civium

274 2154 491 2215 fatum
536 2152 908 2228 antecedere
964 2141 1423 2226 existimarent,
1473 2151 1703 2231 quibus
1750 2153 1906 2215 urbe
1953 2156 2138 2233 capta
2188 2154 2407 2216 eadem
2449 2156 2528 2216 20

276 2253 438 2312 esset
467 2246 619 2311 belli
646 2247 911 2308 fortuna
937 2247 1255 2327 patienda.
1312 2234 1775 2328 ¹'Diductisque
1818 2248 2051 2310 nostris
2098 2249 2408 2329 paulatim

273 2341 641 2432 navibusjet
661 2343 930 2426 artificio
960 2345 1459 2425 gubernatorum
1488 2347 1553 2405 et
1574 2344 1917 2406 mobilitati
1946 2344 2210 2410 navium
2229 2346 2407 2426 locus

258 2443 570 2516 dabatur,
605 2443 670 2502 et
698 2437 1037 2597 si<quando
1059 2440 1262 2514 nostri
1306 2428 2162 2524 facultatem-‘nactixferreis
2206 2442 2410 2503 mani-

275 2540 395 2601 bus
436 2530 715 2622 in‘jectis·
735 2558 782 2597 n
1006 2536 1446 2621 religayerant,
1479 2518 1789 2617 undique'*
1811 2537 1940 2599 Suis
1968 2534 2407 2600 laborantibus

275 2635 750 2697 succurrebant.
815 2627 1037 2713 Neque
1059 2652 1205 2695 vero
1225 2622 1566 2716 'conjuncti
1597 2632 1839 2695 Albicis
1867 2634 2222 2697 comminus
2249 2654 2407 2716 pug-
2449 2639 2527 2697 25

273 2732 491 2793 nando
528 2730 905 2793 deficiebant
945 2718 1150 2809 n‘eque
1185 2730 1473 2800 ⁴multum
1519 2729 1826 2791 cedebant
1868 2729 2106 2792 virtute
2148 2731 2399 2810 nostris.

277 2828 488 2890 Simul
517 2846 594 2890 ex
623 2826 974 2888 minoribus
990 2908 999 2914 μ
1017 2825 1285 2887 navibus
1330 2844 1563 2905 magna
1604 2826 1700 2890 vis
1744 2826 1993 2901 eminus
2037 2815 2408 2891 missa'telo-
2465 2884 2476 2888 ,

277 2944 427 2986 rum
471 2923 679 2984 multa
710 2923 944 2984 nostris
992 2917 1070 2994 de
1120 2922 1460 3003 improviso
1507 2922 2022 3002 imprudentibus
2063 2926 2251 3004 atque
2291 2923 2409 2984 im-

273 3020 512 3102 peditis
539 3020 806 3082 vulnera
841 3018 1220 3082 inferebant.
1313 3017 1849 3104 conspicataeque
1889 3037 2078 3082 naves
2118 3020 2406 3082 triremes

278 3120 441 3180 duae
470 3135 698 3180 navem
728 3115 808 3177 D.
840 3114 1049 3191 Bruti,
1074 3135 1232 3195 quae
1261 3135 1338 3177 ex
1365 3115 1601 3196 insigni
1629 3115 1816 3176 facile
1846 3116 2099 3197 agnosci
2132 3120 2402 3197 poterat,
2449 3121 2528 3180 30

278 3214 526 3277 duabus
554 3233 632 3276 ex
659 3212 948 3292 partibus
977 3232 1107 3274 sese
1150 3212 1219 3272 in
1263 3231 1403 3274 eam
1447 3203 2108 3274 incitaverant.*”‘8ed
2148 3216 2408 3275 tantum

279 3331 345 3373 re
385 3308 638 3392 provisa
671 3308 912 3385 Brutus
954 3308 1274 3371 celeritate
1318 3308 1498 3369 navis
1543 3308 1756 3370 enisus
1802 3311 1917 3384 est,
1950 3312 2028 3369 ut
2054 3309 2248 3389 parvo
2275 3329 2409 3370 mo-

276 3409 495 3470 mento
539 3405 956 3467 antecederet.
1063 3404 1218 3465 Illae
1262 3405 1416 3467 adeo
1464 3404 1743 3485 graviter
1784 3403 1953 3467 inter
1996 3423 2059 3467 se
2103 3406 2410 3467 incitatae

277 3504 729 3577 conflixerunt,
762 3505 837 3563 ut
877 3500 1424 3565 vehementissime
1465 3504 1731 3581 utraque
1772 3521 1849 3563 ex
1889 3521 2199 3564 concursu
2239 3503 2410 3564 labo-

275 3605 509 3677 rarent,
544 3599 748 3661 altera
781 3617 927 3661 vero
953 3599 1308 3678 praefracto
1336 3600 1540 3659 rostro
1567 3598 1707 3657 tota
1746 3597 2209 3682 collabefieret„
2272 3596 2411 3673 Qua
2449 3595 2527 3659 35

275 3718 342 3762 re
362 3694 828 3772 animadversa,
860 3714 1020 3774 quae
1048 3694 1374 3775 proximae
1402 3693 1459 3756 ei
1486 3693 1625 3755 loco
1654 3711 1731 3753 ex
1760 3691 1947 3753 Bruti
1990 3694 2182 3755 classe
2221 3711 2409 3754 naves
