2734 4167
233 190 314 249 53
988 185 1106 237 DE
1144 185 1410 240 BELLO
1458 188 1546 241 01
1548 187 1729 242 VILI

347 350 494 411 XV.
548 348 899 412 Trebonius
925 370 998 413 ea
1027 371 1185 432 quae
1213 355 1365 414 sunt
1393 352 1621 413 amissa
1660 353 1867 413 multo
1909 352 2151 433 majore
2191 317 2473 414 militum

343 446 557 508 studio
578 446 1020 508 administrare
1047 449 1112 509 et
1133 448 1384 510 reficere
1403 448 1704 509 instituit.
1772 447 1942 509 Nam
1962 448 2073 509 ubi
2094 451 2308 518 tantos
2330 469 2474 512 suos

343 544 582 604 labores
610 545 675 604 et
701 546 1042 622 apparatus
1069 545 1232 606 male
1267 544 1562 606 cecidisse
1605 544 1904 606 viderunt
1944 544 2335 626 indutiisque
2362 566 2475 626 per

340 640 541 702 scelus
567 639 816 701 violatis
845 659 1025 701 suam
1053 640 1356 703 virtutem
1378 640 1589 702 irrisui
1617 640 1754 703 fore
1775 643 2250 720 perdoluerunt,
2280 644 2469 724 quod,

254 739 297 798 ⁷5
339 737 509 797 unde
537 755 728 816 agger
756 735 1013 797 omnino
1056 736 1435 816 comportari
1476 739 1704 816 posset,
1737 737 1901 798 nihil
1950 740 2085 800 erat
2132 738 2469 820 reliquum,

339 835 631 896 omnibus
685 835 1010 897 arboribus
1057 836 1243 916 longe
1291 836 1540 915 lateque
1587 835 1657 895 in
1704 835 1937 896 finibus
1986 835 2475 898 Massiliensium

337 930 557 992 excisis
594 934 658 993 et
698 931 1032 1007 convectis,
1067 951 1360 1012 aggerem
1400 931 1549 994 novi
1590 930 1833 1012 generis
1877 933 2066 1011 atque
2107 930 2475 993 inauditum

336 1047 413 1090 ex
439 1028 736 1089 latericiis
765 1029 1012 1090 duobus
1052 1029 1251 1090 muris
1296 1049 1520 1091 senum
1546 1029 1784 1109 pedum
1829 1028 2244 1090 crassitudine
2286 1031 2474 1109 atque

336 1143 555 1185 eorum
610 1143 938 1185 murorum
992 1125 1467 1207 contignatione
1519 1125 1727 1187 facere
1780 1124 2218 1200 instituerunt,
2273 1144 2475 1205 aequa

218 1222 296 1281 10
334 1221 465 1283 fere
529 1221 867 1283 altitudine
923 1224 1110 1302 atque
1160 1221 1271 1284 1116
1323 1220 1740 1302 congesticius
1802 1222 2205 1303 ex-gmateria
2265 1222 2474 1284 fuerat

336 1336 544 1398 agger.
601 1317 730 1379 Ubi
755 1320 866 1379 aut
888 1318 1165 1397 spatium
1186 1318 1354 1380 inter
1376 1337 1590 1379 muros
1618 1321 1730 1380 6111
1757 1317 2154 1379 imbecillitas
2174 1318 2473 1380 materiae

336 1415 654 1494 postulare
695 1414 1032 1490 videretur,
1065 1414 1230 1495 pilae
1267 1414 2269 1494 interponuntur,‘transversaria
2294 1415 2474 1496 tigna

335 1509 737 1592 injiciuntur,
775 1531 930 1592 (11166
979 1511 1379 1573 firmamento
1427 1531 1555 1593 esse
1602 1511 1866 1591 possint,
1914 1514 1978 1572 61
2025 1511 2337 1591 (1111(1(1111(1
2381 1515 2472 1573 661

336 1606 778 1687 contignatum
822 1608 1098 1668 cratibus
1140 1607 1588 1682 consternitur,
1638 1610 1836 1669 crates
1880 1608 2018 1668 luto
2068 1608 2464 1689 integuntur.

217 1706 294 1765 15
338 1703 468 1765 Sub
516 1705 685 1765 tecto
732 1704 933 1778 miles,
985 1704 1205 1764 dextra
1248 1723 1322 1765 ac
1371 1703 1626 1766 sinistra
1673 1723 1856 1765 muro
1904 1706 2130 1780 tectus,
2180 1705 2473 1767 adversus

334 1799 537 1881 plutei
586 1801 860 1880 objectu,
913 1799 1084 1879 operi
1136 1819 1566 1880 quaecumque
1616 1803 1766 1862 sunt
1814 1800 1960 1861 usui
2008 1801 2142 1863 sine
2190 1801 2472 1882 periculo

335 1899 683 1976 supportat.
796 1896 1096 1958 Celeriter
1148 1917 1244 1958 res
1314 1897 1835 1975 administratur3
1898 1898 2189 1959 diuturni
2244 1898 2472 1960 laboris

337 1993 789 2055 detrimentum
818 1993 1093 2055 sollertia
1120 1986 1183 2054 et
1210 1992 1448 2055 virtute
1476 1994 1758 2055 militum
1786 1994 1959 2056 brevi
2003 1995 2462 2076 reconciliatur.

337 2091 562 2152 Portae
592 2090 819 2171 quibus
846 2089 998 2151 locis
1032 2089 1284 2151 videtur
1325 2090 1675 2170 eruptionis
1719 2110 1904 2152 causa
1946 2090 2015 2150 in
2060 2111 2243 2152 muro
2287 2092 2472 2153 relin-

214 2190 294 2249 20
335 2189 638 2267 (11111111111.
729 2186 908 2247 XVI.
967 2185 1152 2260 Quod
1205 2185 1317 2247 ubi
1373 2187 1584 2261 hostes
1639 2186 1957 2262 viderunt,
2019 2207 2091 2248 ea
2147 2207 2305 2268 quae
2362 2188 2468 2248 diu

333 2284 646 2365 longoque
674 2281 875 2361 spatio
903 2281 1075 2343 refici
1103 2302 1231 2343 non
1260 2303 1439 2362 posse
1470 2287 1819 2363 sperassent
1845 2304 2195 2364 paucorum
2224 2284 2472 2346 dierum

334 2402 522 2461 opera
549 2385 612 2443 et
638 2381 850 2442 labore
894 2379 985 2440 ita
1029 2380 1286 2455 refecta,
1320 2383 1397 2441 ut
1441 2381 1656 2441 nuHus
1700 2380 1998 2460 perfidiae
2042 2401 2244 2462 neque
2289 2402 2471 2461 erup-

332 2478 494 2538 tioni
541 2478 717 2539 locus
760 2478 921 2539 66661
967 2495 1084 2538 1160
1134 2476 1472 2556 quicquam
1521 2477 1778 2537 omnino
1820 2477 2300 2557 relinqueretur,
2349 2497 2473 2558 qua

335 2577 446 2635 aut
473 2573 616 2635 telis
644 2573 954 2634 militibus
983 2575 1096 2634 aut
1122 2572 1258 2653 igni
1288 2572 1580 2652 operibus
1620 2572 1831 2635 noceri
1859 2576 2090 2653 posset,
2124 2575 2468 2655 eodemque

213 2675 291 2734 25
322 2670 618 2750 'exemplo
648 2670 931 2731 sentiunt
957 2672 1159 2731 totam
1187 2670 1431 2746 urbem,
1460 2689 1584 2749 qua
1611 2670 1692 2730 sit
1720 2670 1929 2731 aditus
1959 2671 2037 2731 ab
2064 2672 2251 2746 terra,
2287 2690 2469 2732 muro

332 2767 736 2875 turribusque
765 2764 1243 2827 circummuniri
1287 2785 1487 2846 posse,
1522 2765 1610 2828 610
1655 2769 1730 2826 111
1774 2765 1925 2845 ipsis
1971 2766 2355 2828 consistendi
2400 2767 2471 2827 in

334 2863 462 2927 suis
489 2861 959 2924 munitionibus
976 2862 1150 2924 locus
1177 2881 1307 2923 non
1335 2864 1516 2936 esset,
1552 2880 1700 2922 011111
1726 2881 1923 2941 paene
1963 2861 2420 2924 inaedificata
2401 2883 2470 2924 m

333 2960 531 3022 muris
558 2960 637 3021 ab
665 2958 945 3021 exercitu
973 2960 1188 3018 nostro
1229 2958 1479 3019 moenia
1524 2936 1890 3019 vlderentur
1931 2977 2003 3018 ac
2030 2959 2231 3019 telum
2273 2978 2469 3020 manu

331 3057 770 3138 conjiceretur,
833 3074 1211 3134 suorumque
1275 3057 1738 3116 tormentorum
1791 3073 1999 3129 usum,
2063 3054 2291 3134 quibus
2347 3055 2470 3135 ipsi

212 3158 290 3216 30
332 3172 565 3234 magna
611 3150 1049 3231 speravissent,
1101 3151 1301 3230 spatio
1344 3150 1836 3231 propinquitatis
1880 3150 2157 3226 interire,
2208 3151 2470 3232 parique

333 3248 702 3311 condicione
731 3268 807 3309 ex
833 3266 1016 3307 muro
1060 3255 1133 3307 ac
1160 3247 1445 3308 turribus
1473 3247 1749 3308 bellandi
1780 3247 1928 3308 data
1956 3267 2018 3309 se
2061 3247 2296 3309 virtute
2325 3268 2469 3309 nos-

330 3346 446 3406 tris
488 3346 832 3424 adaequare
880 3363 1010 3404 non
1053 3361 1230 3422 posse
1272 3342 1675 3422 intellegunt,
1711 3343 1791 3403 ad
1836 3343 2082 3405 easdem
2127 3342 2469 3405 deditionis

331 3439 730 3502 condiciones
756 3441 1114 3500 recurrunt.

213 3636 290 3696 35
413 3632 628 3693 XVH.
679 3632 768 3692 M.
805 3633 1008 3694 Varro
1050 3632 1120 3692 in
1160 3631 1458 3694 ulteriore
1497 3631 1807 3711 Hispania
1849 3631 2034 3692 initio
2075 3632 2347 3713 cognitis
2389 3634 2467 3695 iis

334 3728 518 3789 rebus
546 3747 702 3807 quae
743 3730 892 3788 sunt
918 3727 987 3788 in
1015 3728 1205 3789 Italia
1231 3730 1459 3809 gestae,
1492 3728 1785 3790 diffidens
1816 3728 2213 3808 Pompeianis
2252 3730 2461 3808 rebus,
