2734 4167
267 182 344 241 26
1044 175 1164 228 DE
1197 175 1458 228 BELLO
1504 174 1756 228 GJVLLI

386 338 636 401 XXXI.
681 338 875 400 Nacti
901 357 1130 402 vacuas
1159 339 1239 400 ab
1265 336 1553 417 imperiis
1582 335 1941 398 Sardiniam
1967 335 2281 411 ValeriuS,
2318 334 2518 397 Curio

287 452 294 457 ·
389 436 693 511 Siciliam,
736 455 882 498 cum
925 435 1301 497 exercitibus
1341 454 1415 496 eo
1456 432 1855 513 perveniunt.
1946 433 2220 509 Tubero,
2254 453 2403 494 cum
2446 432 2516 493 in

386 533 677 595 Africam
728 532 1022 607 venisset,
1069 531 1315 615 invenit
1369 530 1439 590 in
1492 526 1820 609 provincia
1874 549 2021 590 cum
2076 529 2340 609 imperio
2396 529 2519 590 At-

380 624 557 690 'tium
583 630 867 705 Varum;
909 628 1019 707 qui
1059 628 1142 689 ad
1177 626 1551 701 Auximum,
1583 628 1660 687 ut
1700 645 1892 706 supra
1917 626 2512 701 demonstravimuS,

309 729 346 785 5
388 724 635 788 amissis
676 723 1041 786 cohortibus
1082 722 1376 803 protinus
1416 741 1493 783 ex
1533 722 1690 802 suga
1732 721 1801 782 in
1829 721 2119 783 Afficam
2146 725 2521 802 pervenerat

389 824 578 901 atque
605 840 747 883 eam
777 840 890 881 sua
917 824 1140 900 sponte
1168 838 1433 882 vacuam
1460 820 1873 897 occupaverat
1902 819 2274 900 delectuque
2294 818 2521 879 habito
2552 810 2563 835 ¹

389 918 548 979 duas
576 916 853 998 legiones
881 916 1194 991 effecerat,
1228 912 1569 974 hominum
1596 914 1661 974 et
1686 913 1973 975 locorum
2014 914 2249 976 notitia
2288 918 2354 975 et
2393 934 2561 1001 usust

391 1013 530 1094 ejus
556 1013 918 1093 provinciae
965 1015 1192 1074 nactus
1239 1011 1453 1073 aditus
1496 1011 1579 1073 ad
1622 1031 1696 1073 ea
1738 1013 2051 1095 conanda,
2086 1013 2254 1093 quod
2298 1012 2523 1091 paucis

392 1113 540 1171 ante
583 1110 767 1171 annis
814 1129 890 1171 ex
937 1113 1238 1189 praetura
1285 1130 1427 1172 eam
1471 1110 1863 1191 provinciam
1913 1110 2298 1171 obtinuerat.
2391 1110 2523 1171 Hic

274 1211 350 1268 10
390 1207 748 1270 venientem
774 1207 1037 1269 Uticam
1064 1208 1332 1270 navibus
1362 1209 1761 1271 Tuberonem
1809 1212 2000 1288 portu
2050 1211 2239 1287 atque
2286 1208 2526 1288 oppido

391 1303 686 1383 prohibet
725 1323 928 1383 neque
968 1303 1272 1365 affectum
1312 1305 1676 1367 valetudine
1712 1304 1921 1365 filium
1961 1323 2269 1383 exponere
2297 1304 2367 1364 in
2396 1308 2527 1367 ter-

390 1420 530 1461 ram
582 1399 846 1479 patitur,
899 1400 1009 1461 sed
1055 1400 1318 1461 sublatis
1374 1401 1619 1462 ancoris
1668 1401 1963 1463 excedere
2011 1420 2085 1461 eo
2133 1400 2273 1461 loco
2322 1400 2518 1481 cogit.

391 1495 678 1558 XXXII.
729 1495 850 1556 His
887 1497 1077 1557 rebus
1117 1497 1424 1559 confectis
1455 1497 1700 1573 Caesar,
1732 1500 1809 1558 ut
1850 1497 2171 1577 reliquum
2199 1500 2458 1577 tempus
2488 1518 2529 1559 a

390 1593 604 1655 labore
638 1592 1189 1668 intermitteretur,
1227 1592 1462 1655 milites
1502 1593 1571 1653 in
1608 1593 1901 1674 proxima
1939 1592 2289 1673 municipia
2328 1594 2528 1654 dedu-

274 1693 349 1752 15
393 1690 521 1767 cit3
561 1690 708 1769 ipse·
741 1689 823 1750 ad
870 1690 1091 1751 urbem
1145 1689 1587 1770 proficiscitur.
1679 1690 1914 1751 Coacto
1970 1693 2195 1752 senatu
2250 1690 2528 1771 injurias

391 1786 799 1847 inimicorum
853 1789 1321 1850 commemorat.
1413 1787 1617 1850 Docet
1672 1808 1737 1849 se
1791 1788 2045 1848 nullum
2091 1787 2528 1850 extraordina-

391 1882 564 1969 rium
602 1882 912 1945 honorem
955 1882 1288 1963 appetisse,
1336 1885 1447 1946 sed
1493 1888 1853 1964 exspectato
1902 1883 2191 1965 legitimo
2240 1886 2529 1964 tempore

392 1980 777 2055 consulatuS,
813 1999 886 2041 eo
912 1978 1108 2041 fuisse
1149 1982 1525 2043 contentum
1566 1981 1738 2061 quod
1782 1980 2076 2041 omnibus
2122 1979 2367 2041 civibus
2392 1971 2529 2061 ''pa-

189 2147 200 2169 ἲ
390 2079 573 2139 teret.
624 2076 860 2137 Latum
887 2076 966 2136 ab
989 2092 1037 2136 x
1063 2075 1339 2138 tribunis
1359 2078 1583 2157 plebiS,
1606 2076 2190 2139 contradicentibus
2217 2076 2523 2154 11111111018,

223 2202 230 2207 ·
271 2177 350 2233 20
394 2173 634 2235 Catone
663 2192 808 2234 vero
835 2172 1135 2234 acerrime
1183 2177 1585 2254 repugnante
1628 2177 1697 2251 et
1744 2173 2017 2255 pristina
2064 2175 2529 2237 consuetudine

392 2268 646 2332 dicendi
667 2288 844 2329 mora
864 2269 996 2331 dies
1024 2269 1415 2345 extrahente,
1438 2273 1515 2331 ut
1536 2270 1636 2331 sui
1662 2270 1827 2331 ratio
1856 2270 2135 2331 absentis
2156 2269 2521 2347 haberetur,

391 2368 528 2447 ipso
556 2368 812 2429 consule
841 2366 1188 2446 Pompei03
1232 2366 1340 2447 qui
1390 2367 1443 2429 si
1487 2368 1923 2448 improbasset,
1955 2387 2071 2429 cur
2108 2366 2261 2428 ferri
2303 2388 2527 2447 passus

374 2468 550 2557 gasat
575 2466 606 2527 ?
642 2464 690 2526 si
721 2464 1064 2544 probasset,
1099 2484 1214 2525 cur
1241 2484 1304 2525 se
1331 2463 1431 2524 uti
1458 2464 1679 2544 populi
1706 2464 2012 2527 beneficio
2038 2463 2471 2545 prohibuisset
2498 2464 2573 2539 ΡΙ

331 2552 371 2568 ’
393 2561 778 2623 Patientiam
819 2554 1120 2641 proponit
1165 2579 1363 2635 suam,
1400 2579 1548 2620 cum
1578 2561 1667 2623 de
1711 2560 2090 2623 exercitibus
2118 2560 2525 2625 dimittendis

270 2662 346 2719 25
389 2658 561 2717 ultro
587 2656 1031 2736 postulavisset
1054 2677 1072 2733 3
1099 2655 1171 2716 in
1198 2676 1323 2736 quo
1350 2656 1668 2736 jacturam
1689 2657 2022 2738 dignitatis
2050 2662 2239 2737 atque
2260 2657 2525 2720 honoris
2622 2655 2649 2663 “

389 2753 522 2833 ipse
578 2753 867 2814 facturus
921 2755 1098 2814 esset.
1187 2750 1623 2815 Acerbitatem
1678 2753 2086 2821 inimicorum
2141 2754 2345 2830 docet,
2408 2755 2523 2835 qui

389 2851 564 2931 quod
607 2851 686 2911 ab
734 2850 931 2911 altero
983 2850 1401 2929 postularent,
1434 2849 1506 2910 in
1554 2870 1619 2912 se
1663 2852 2026 2912 recusarent
2074 2852 2263 2930 atque
2306 2851 2525 2913 omnia

386 2946 749 3028 permisceri
791 2947 1057 3008 mallent
1099 2966 1290 3026 quam
1323 2946 1665 3026 imperium
1706 2946 2139 3025 exercitusque
2169 2946 2514 3009 dimittere.

387 3045 705 3127 Injuriam
745 3044 816 3105 in
856 3044 1196 3125 eripiendis
1221 3044 1579 3125 legionibus
1605 3043 1947 3123 praedicat,
1980 3041 2425 3104 crudelitatem
2455 3047 2521 3105 et

267 3147 346 3204 30
387 3141 795 3203 insolentiam
822 3140 891 3201 in
922 3140 1509 3202 circumscribendis
1535 3138 1813 3201 tribunis
1840 3130 2041 3218 plebis
2065 3159 2083 3215 3
2113 3138 2521 3202 condiciones

385 3260 426 3302 a
453 3260 516 3301 se
543 3240 733 3314 latas,
758 3238 1038 3319 expetita
1065 3236 1379 3317 colloquia
1407 3239 1472 3299 et
1499 3237 1811 3316 denegata
1838 3239 2312 3299 commemorat.
2392 3236 2519 3299 Pro

388 3335 617 3416 quibus
642 3336 830 3396 rebus
851 3335 1146 3395 hortatur
1173 3353 1245 3395 ac
1273 3333 1555 3413 postulat
1582 3334 1658 3392 ut
1677 3331 2135 3411 rempublicam
2164 3332 2518 3412 suscipiant

388 3435 577 3511 atque
617 3450 748 3491 una
787 3450 1002 3491 80011111
1043 3428 1507 3502 administrent.
1600 3427 1713 3490 Sin
1741 3427 1969 3489 timore
1997 3428 2354 3509 defugiant,
2388 3429 2517 3491 illis

387 3547 452 3588 se
497 3526 673 3588 oneri
715 3546 848 3586 non
874 3526 1172 3586 futurum
1211 3529 1281 3589 et
1319 3546 1435 3606 per
1460 3546 1525 3587 se
1552 3524 2010 3604 rempublicam
2038 3523 2517 3586 administratu-

270 3628 347 3685 35
388 3644 551 3684 rum.
641 3622 911 3702 Legatos
955 3623 1037 3683 ad
1082 3622 1458 3702 Pompeium
1506 3622 1585 3683 de
1633 3621 2087 3701 compositione
2130 3620 2304 3684 mitti
2334 3642 2516 3702 opor-

390 3720 521 3780 tere
544 3739 564 3795 ;
604 3736 809 3797 neque
838 3736 902 3780 se
930 3718 1359 3794 reformidare,
1395 3719 1567 3800 quod
1590 3717 1663 3778 in
1702 3721 1927 3780 senatu
1957 3717 2297 3798 Pompeius
2323 3719 2516 3798 paulo
