2734 4167
123 1392 162 1427 ὶῖ
195 1385 221 1413 ι(

187 1358 197 1382 1

238 1386 247 1394 ,
263 1364 376 1405 „wo

363 2160 440 2216 20

248 2277 256 2285 ·
288 2252 297 2279 ³
425 2296 429 2301 -
481 2253 820 2333 peiumque
851 2255 1148 2317 delectus,
1239 2256 1357 2316 XI.
1410 2257 1568 2317 Erat
1595 2256 1816 2335 iniqua
1858 2254 2143 2317 condicio
2184 2254 2506 2334 postulare
2536 2260 2614 2314 ut

363 163 440 222 16

363 1198 438 1253 10

363 1677 438 1733 15

347 2644 437 2711 ,25

359 3126 435 3182 30

1123 160 1238 211 DE
1279 160 1546 213 BELLO
1596 160 1682 213 CI
1688 160 1863 213 VILI

480 328 555 384 ut
584 344 800 385 omnes
841 326 920 385 ab
947 323 1324 385 exercitibus
1353 323 1770 398 discederent,
1806 345 1885 385 110
1914 324 1984 386 id
2012 325 2271 406 quidem
2313 326 2631 407 impetra·

483 421 658 483 visse.
753 422 915 483 Tota
944 421 1134 483 Italia
1177 421 1458 482 delectus
1485 420 1725 495 haberi,
1760 421 2017 483 retineri
2062 422 2337 503 legiones
2366 440 2426 483 11
2460 444 2631 504 quae

481 519 558 580 ab
588 538 650 579 se
679 519 1084 579 simulatione
1114 517 1396 578 Parthici
1433 504 1582 577 belli
1612 517 1742 577 sint
1770 518 2102 593 abductae,
2132 518 2459 580 civitatem
2492 540 2631 581 esse

481 615 547 675 in
579 615 785 676 armis.
879 616 1166 689 Quonam
1195 615 1350 675 haec
1380 614 1593 675 omnia
1618 614 1742 675 nisi
1772 615 1854 675 ad
1882 635 2061 675 suam
2102 616 2451 695 perniciem
2480 621 2631 696 per-
2677 612 2678 639 ²

481 711 738 793 tinere?
821 711 945 773 Sed
974 714 1190 771 tamen
1233 711 1314 779 ad
1344 710 1559 800 omnia
1600 731 1663 771 se
1693 711 2069 773 descendere
2096 715 2393 790 paratum
2422 716 2631 821 atque.

479 807 692 868 omnia
733 807 866 886 pati
909 794 1288 916 reipublicae
1346 826 1549 868 causa.
1670 807 2113 869 Profieiscatur
2155 808 2497 917 Pompeius
2554 810 2629 869 in
2677 824 2678 833 ¹

481 924 621 965 suas
649 904 1022 983 provinciae,
1058 904 1178 983 ipsi
1218 904 1529 965 exercitus
1559 904 1917 979 dimittant
1950 888 2282 966 discedant
2323 906 2393 965 in
2424 906 2631 966 Italia
2677 912 2678 923 ³

480 1020 696 1061 omnes
746 1002 824 1061 ab
869 1000 1078 1074 armis,
1131 1004 1336 1061 metus
1388 1020 1419 1060 0
1471 1000 1725 1061 civitate
1776 1001 2058 1075 tollatur,
2108 1001 2307 1061 libera
2356 1002 2631 1061 comitia
2677 998 2678 1065 ἶ

479 1100 668 1176 atque
691 1098 913 1159 01111113
955 1098 1305 1177 respublica
1345 1098 1595 1159 senatui
1637 1098 1995 1178 populoque
2026 1098 2308 1158 Romano
2350 1099 2629 1183 permit·
2677 1170 2678 1181 χ

479 1196 673 1254 tatur.
782 1194 955 1255 Haec
1001 1214 1123 1274 quo
1169 1195 1419 1255 facilius
1470 1194 1777 1276 certisque
1823 1188 2305 1255 condicionibus
2340 1170 2507 1254 liant
2559 1200 2627 1255 et
2677 1260 2678 1285 ἦ

388 1322 396 1329 -
479 1290 897 1383 jurejurando
955 1292 1344 1367 sanciantur,
1399 1295 1509 1352 aut
1565 1292 1698 1371 ipse
1754 1292 2013 1371 propius
2069 1292 2324 1352 accedat
2381 1275 2495 1351 aut
2558 1314 2627 1353 se
2677 1340 2678 1349 2

481 1387 762 1465 patiatur
790 1388 1120 1464 accedere3
1164 1389 1298 1448 fore
1333 1389 1459 1448 uti
1477 1408 1589 1468 per
1630 1388 1942 1467 colloquia
1988 1400 2203 1448 omnes
2254 1392 2625 1451 controver-
2677 1388 2678 1453 ἶ

483 1483 606 1543 3130
635 1487 1116 1562 componantur.
1209 1485 1288 1545 X.
1327 1485 1642 1576 Acceptis
1643 1484 1962 1545 mandatis
1994 1484 2253 1544 Roscius
2274 1478 2318 1544 'a
2350 1483 2620 1546 Caesare

485 1578 768 1657 Capuam
809 1581 1100 1659 pervenit
1146 1581 1356 1661 ibique
1425 1582 1709 1643 eonsules
1772 1582 2268 1661 Pompeiumque
2324 1582 2619 1654 invenit3

481 1676 798 1752 postulata
855 1676 1130 1737 Caesaris
1176 1677 1521 1739 renuntiat.
1614 1678 1719 1738 Illi
1749 1678 2091 1739 deliberata
2131 1698 2197 1738 re
2226 1678 2623 1756 respondent

484 1770 838 1850 scriptaque
883 1774 964 1833 ad
993 1793 1138 1833 eum
1182 1773 1484 1834 mandata
1529 1774 1889 1849 remittunt,
1954 1793 2223 1853 quorum
2280 1772 2435 1833 11300
2480 1778 2621 1833 erat
2677 1762 2678 1829 ἦ

483 1887 766 1927 summa:
813 1867 1080 1929 Caesar
1065 1891 1132 1929 m
1165 1870 1435 1931 Galliam
1465 1874 1899 1944 reverteretur,
1936 1870 2229 1930 Arimino
2258 1870 2613 1943 excederet,

484 1963 792 2024 exercitus
849 1965 1241 2042 dimitteret3
1299 1986 1457 2045 quae
1501 1966 1551 2026 si
1602 1967 1871 2042 fecisset,
1924 1965 2298 2045 Pompeium
2354 1964 2422 2023 in
2466 1966 2590 2025 His
2567 1996 2619 2012 -

483 2060 648 2138 pani·
637 2080 702 2121 is
758 2061 1021 2123 iturum.
1114 2062 1384 2137 Interea,
1426 2055 1634 2142 quoad
1679 2064 1834 2123 fides
1880 2066 2039 2123 esset
2086 2062 2234 2122 data
2281 2061 2619 2122 Caesarem

483 2156 808 2217 facturum
827 2178 984 2237 quae
1002 2159 1425 2237 polliceretur,
1470 2180 1601 2219 non
1625 2160 2090 2231 intermissuros
2110 2158 2393 2241 consules
2426 2157 2618 2218 Pom-

486 2350 710 2411 Caesar
736 2350 1032 2411 Arimino
1075 2354 1399 2414 excederet
1429 2358 1616 2433 atque
1646 2352 1714 2412 in
1744 2351 2134 2432 provinciam
2164 2354 2609 2426 reverteretur,

482 2446 692 2525 ipsum
742 2451 804 2508 et
845 2448 1200 2527 provincias
1247 2453 1309 2509 et
1354 2450 1630 2529 legiones
1676 2450 1911 2509 alienas
1954 2452 2211 2522 tenerc3
2262 2446 2615 2508 exercitum

486 2543 759 2603 Caesaris
803 2544 960 2605 velle
1000 2544 1262 2619 dimitti,
1299 2545 1579 2606 delectus
1607 2546 1881 2621 habere3
1924 2542 2205 2623 polliceri
2250 2562 2311 2603 sc
2355 2542 2425 2602 in
2466 2562 2614 2621 pro·
2677 2534 2678 2543 ¹

481 2640 754 2701 vinciam
784 2642 1048 2716 iturum,
1084 2662 1286 2721 neque
1329 2646 1476 2702 ante
1521 2662 1708 2722 quem
1739 2642 1908 2702 diem
1949 2641 2159 2701 iturus
2198 2640 2285 2700 sit
2314 2640 2607 2716 definire,

479 2740 576 2811 ut,
611 2737 664 2797 si
707 2742 960 2815 peracto
1004 2740 1336 2799 consulatu
1371 2739 1651 2801 Caesaris
1692 2759 1822 2799 non
1864 2734 2189 2817 profectus
2218 2740 2395 2812 esset,
2430 2740 2615 2799 nulla

479 2837 694 2895 tamen
724 2834 1036 2895 mendacii
1066 2835 1367 2916 religione
1412 2837 1749 2897 obstrictus
1777 2836 2135 2910 videretur3
2180 2837 2433 2911 tempus
2461 2855 2612 2896 vero

481 2930 795 3009 colloquio
824 2952 954 2991 non
977 2932 1124 2992 dare
1145 2952 1348 3012 neque
1380 2953 1774 2993 accessurum
1797 2930 2079 3011 polliceri
2112 2949 2411 3009 magnam
2433 2933 2611 3009 pacis

481 3028 984 3107 desperationem
1017 3030 1334 3091 afferebat.
1429 3032 1650 3111 Itaque
1680 3031 1756 3090 ab
1788 3029 2081 3089 Arimino
2113 3028 2198 3088 M.
2245 3027 2606 3089 Antonium
2677 3066 2678 3069 =

479 3143 624 3183 cum
647 3124 1009 3185 cohortibus
1032 3142 1077 3185 v
1097 3124 1423 3187 Arretium
1454 3126 1658 3187 mittit
1680 3148 1699 3204 3
1728 3125 1859 3204 ipse
1879 3123 2158 3185 Arimini
2190 3142 2337 3183 cum
2360 3123 2609 3184 duabus
2648 3185 2654 3193 ,

479 3220 763 3281 subsistit
813 3220 1026 3300 ibique
1077 3222 1394 3283 delectum
1442 3223 1669 3283 habere
1715 3222 2043 3298 instituit3
2090 3220 2444 3295 Pisaurum,
2486 3220 2609 3281 Fa-
2677 3214 2678 3227 ¹

477 3337 656 3390 num,
693 3316 1025 3378 Ancona-m
1056 3318 1320 3398 singulis
1365 3321 1730 3381 cohortibus
1774 3321 2059 3398 occupat.
2153 3316 2303 3379 XII.
2358 3315 2603 3379 Interea

479 3413 706 3474 certior
750 3414 958 3476 factus
1008 3415 1310 3523 Iguvium
1358 3418 1707 3479 Thermum
1752 3421 2003 3497 praetor
2039 3436 2103 3475 m
2150 3412 2517 3475 cohortibus
2567 3435 2608 3475 1

401 3511 708 3601 tencre,
759 3510 1064 3589 oppidum
1108 3511 1378 3587 munire,
1414 3512 1827 3593 omniumque
1869 3531 1995 3574 esse
2040 3500 2453 3603 Iguvinorum
2500 3530 2609 3589 op-

479 3719 630 3777 quas
674 3700 916 3763 Pisauri
965 3708 1028 3765 et
1078 3705 1352 3767 Arimini
1408 3708 1699 3782 habebat,
1748 3707 1973 3768 mittit.
2121 3724 2271 3783 ujus
2328 3703 2605 3766 adventu

323 3602 433 3695 335
478 3602 704 3664 timam
727 3626 874 3685 erga
903 3626 965 3667 se
993 3609 1409 3683 voluntatem,
1437 3608 1780 3671 Curionem
1809 3630 1956 3671 cum
1978 3604 2190 3849 trissus
2215 3606 2601 3683 cohortibus,
