2734 4167
969 139 1204 193 GOMM
1242 139 1326 193 II.
1372 138 1536 192 CAP.
1588 138 1803 191 VI—X.
2261 196 2297 265 ι
2438 142 2515 199 55

2200 242 2259 288 1¹.-
2334 220 2411 280 ᾗ(

261 304 678 385 repellendos,
713 322 862 364 cum
888 300 1056 365 inter
1089 321 1228 363 eam
1256 266 1799 383 contignationem
1826 300 2097 381 parietes
2124 304 2399 381 611811116-

263 399 516 480 rentur)
549 418 810 490 eamque
854 397 1436 460 contabulationem
1470 416 1784 459 summam
1810 397 2111 459 lateribus
2138 398 2399 477 lutoque

265 497 774 571 constraverunt,
819 514 902 557 ne
947 494 1101 575 quid
1149 494 1315 575 ignis
1363 494 1647 555 hostium
1696 513 1917 555 nocere
1975 496 2204 573 posset,
2256 512 2399 555 cen-

265 594 586 672 tonesque
612 591 872 671 insuper
911 590 1290 671 injecerunt,
1314 609 1397 653 ne
1438 592 1551 666 aut
1592 590 1721 651 tela
1746 589 2079 651 tormentis
2119 588 2400 650 immissa

263 688 730 749 tabulationem
756 686 1241 768 perfringerent,
1267 689 1383 747 aut
1410 706 1556 747 saxa
1575 705 1653 747 ex
1680 686 2017 765 catapultis
2043 685 2400 747 latericium
2482 688 2517 747 5

263 784 676 845 discuterent.
770 783 1008 847 Storias
1055 786 1270 845 autem
1317 803 1396 845 ex
1443 783 1709 845 funibus
1762 782 2097 845 ancorariis
2144 786 2275 845 tres
2329 782 2399 844 in

262 879 742 961 longitudinem
761 879 1078 959 parietum
1098 879 1292 941 turris
1313 880 1473 941 latas
1502 896 1625 940 1111
1651 880 1840 959 pedes
1860 879 2149 943 fecerunt
2177 898 2399 959 easque

263 996 343 1039 ex
389 977 598 1038 tribus
645 977 932 1056 partibus
981 997 1138 1057 quae
1183 977 1264 1038 ad
1311 976 1525 1039 hostes
1569 978 1928 1058 vergebant,
1976 976 2399 1039 eminentibus

261 1074 554 1136 trabibus
597 1074 840 1135 circum
861 1068 866 1073 ’
887 1075 1118 1135 turrim
1159 1075 1657 1155 praependentes
1705 1074 2175 1155 religaverunt,
2158 1095 2172 1109 ·
2231 1073 2401 1154 quod

266 1188 474 1231 unum
522 1189 724 1250 genus
772 1168 1106 1251 tegimenti
1157 1169 1296 1231 aliis
1342 1168 1499 1231 locis
1542 1172 1722 1231 616111
1770 1168 2014 1249 experti
2054 1168 2236 1230 nullo
2272 1169 2399 1231 telo
2442 1172 2519 1231 10

265 1286 472 1347 116(1116
500 1268 822 1328 tormento
851 1266 1063 1347 trajici
1089 1285 1312 1346 116886.
1377 1265 1510 1329 Ubi
1546 1285 1691 1329 vero
1734 1285 1807 1328 66
1845 1285 1991 1374 pars
2017 1264 2211 1325 turris
2241 1286 2399 1345 (11166

267 1366 404 1425 6161
429 1363 733 1443 perfecta,
772 1365 942 1425 tecta
969 1365 1156 1443 atque
1205 1362 1457 1423 munita
1486 1366 1581 1425 est
1620 1363 1697 1423 ab
1727 1362 1901 1423 omni
1908 1344 2063 1425 16111
2091 1362 2392 1439 hostium,

267 1460 519 1540 pluteos
548 1460 630 1519 ad
651 1458 773 1520 alia
801 1478 988 1539 opera
1017 1460 1458 1537 abduxerunt3
1484 1458 1677 1520 turris
1698 1462 1943 1521 tectum
1964 1479 2076 1539 per
2105 1480 2168 1521 86
2190 1459 2400 1540 ipsum

267 1550 735 1637 pressionibus
743 1573 820 1617 ex
869 1554 1383 1635 contignatione
1391 1554 1597 1634 prima
1648 1556 2021 1635 suspendere
2066 1576 2137 1617 ac
2182 1557 2399 1619 tollere

269 1654 636 1733 coeperunt.
726 1652 882 1729 Ubi,
935 1656 1247 1733 quantum
1297 1651 1633 1713 storiarum
1678 1651 1968 1715 demissio
2016 1653 2393 1733 patiebatur,
2444 1658 2518 1715 15

231 1761 240 1765 ’
269 1752 530 1811 tantum
557 1749 897 1824 elevarant,
930 1748 1102 1809 intra
1128 1749 1282 1811 11666
1309 1748 1659 1829 tegimenta
1692 1749 1893 1810 abditi
1935 1752 2123 1829 atque
2166 1753 2400 1811 muniti

269 1846 541 1927 parietes
589 1845 890 1907 lateribus
939 1846 1347 1907 exstruebant
1395 1865 1731 1926 rursusque
1786 1845 1909 1906 6116
1956 1837 2271 1925 pressione
2321 1848 2402 1909 ad

269 1942 736 2004 aedificandum
764 1942 882 2003 sibi
909 1942 1120 2003 locum
1150 1941 1584 2022 expediebant.
1674 1941 1805 2003 Ubi
1845 1944 2099 2049 tempus
2142 1944 2403 2006 alterius

269 2038 806 2101 contabulationis
854 2038 1203 2114 videbatur,
1258 2038 1437 2119 tigna
1491 2038 1646 2100 item
1700 2040 1776 2099 ut
1836 2038 2041 2118 primo
2089 2042 2256 2101 tecta
2300 2061 2401 2101 ex-

269 2135 492 2197 tremis
525 2121 826 2196 lateribus
867 2134 1269 2196 instruebant
1312 2154 1509 2215 exque
1554 2155 1626 2197 ea
1670 2134 2144 2215 contignatione
2188 2156 2401 2199 rursus
2443 2141 2522 2200 20

270 2250 590 2293 summam
617 2230 1202 2300 contabulationem
1229 2231 1573 2311 storiasque
1602 2232 1946 2293 elevabant.
2037 2232 2139 2293 Ita
2160 2235 2303 2293 tuto
2330 2254 2401 2295 ac

273 2328 408 2389 sine
465 2328 599 2388 ullo
658 2328 915 2389 vulnere
972 2347 1044 2389 66
1099 2326 1381 2407 1161161116
1438 2348 1543 2389 sex
1591 2328 1875 2389 tabulata
1930 2332 2396 2405 exstruxerunt,

271 2424 706 2504 fenestrasque
734 2423 962 2503 quibus
984 2422 1054 2484 in
1083 2423 1236 2485 locis
1264 2424 1473 2485 visum
1500 2426 1598 2485 est
1636 2424 1717 2485 ad
1742 2426 2062 2485 tormenta
2088 2424 2404 2487 mittenda

272 2522 344 2581 in
387 2520 690 2582 struendo
730 2519 1141 2601 reliquerunt.
1233 2519 1315 2581 X.
1365 2520 1498 2582 Ubi
1542 2540 1618 2583 ex
1664 2540 1737 2583 66
1768 2520 1931 2581 turri
1960 2540 2119 2601 quae
2164 2521 2403 2583 circum

275 2618 486 2679 essent
513 2636 700 2695 opera
726 2615 893 2677 tueri
935 2636 998 2677 se
1039 2636 1220 2696 posse
1247 2618 1401 2677 sunt
1429 2616 1669 2692 confisi,
1706 2616 2068 2677 musculum
2096 2617 2283 2696 pedes
2312 2634 2402 2678 Lx
2444 2622 2521 2680 25

273 2714 543 2795 longum
591 2732 666 2774 ex
706 2711 970 2775 materia
996 2712 1291 2792 bipedali,
1325 2732 1515 2793 quem
1543 2732 1581 2773 a
1607 2712 1769 2773 turri
1814 2712 2095 2775 latericia
2137 2714 2219 2775 ad
2261 2713 2403 2775 hos-

273 2809 448 2870 tium
491 2808 721 2869 turrim
768 2827 1148 2888 murumque
1195 2810 1635 2888 perducerent,
1688 2808 1893 2871 facere
1942 2808 2402 2887 instituerunt3

274 2906 467 2986 cujus
513 2904 783 2967 musculi
831 2904 988 2967 11666
1037 2908 1170 2967 6161
1219 2905 1445 2966 forma.
1534 2905 1716 2966 Duae
1760 2898 2041 2985 primurn
2084 2907 2287 2967 trabes
2334 2906 2405 2967 in

275 3002 408 3063 solo
455 3021 646 3081 aeque
679 3002 902 3083 longae
944 3001 1254 3063 distantes
1298 3001 1467 3063 inter
1506 3021 1569 3063 86
1612 3002 1803 3081 pedes
1848 3018 1969 3062 1111
2016 3002 2405 3063 collocantur

274 3100 472 3178 inque
522 3098 609 3159 eis
659 3098 1024 3161 columellae
1072 3099 1308 3177 pedum
1333 3096 1421 3173 ‚in
1470 3098 1875 3159 altitudinem
1917 3115 1964 3159 V
2014 3099 2395 3177 defiguntur.
2446 3103 2524 3162 30

277 3196 416 3257 Has
451 3193 619 3256 inter
659 3214 723 3257 se
765 3195 1066 3274 capreolis
1107 3194 1286 3256 molli
1326 3194 1585 3276 fastigio
1628 3195 2054 3276 conjungunt,
2087 3194 2199 3256 ubi
2226 3194 2407 3276 tigna

277 3310 440 3371 quae
476 3290 750 3352 musculi
778 3290 1034 3372 tegendi
1078 3310 1262 3352 causa
1302 3293 1545 3371 ponant
1582 3290 1989 3353 collocentur.
2080 3290 2178 3352 Eo
2219 3310 2406 3371 super

231 3406 240 3413 ·
275 3388 462 3468 tigna
507 3374 824 3467 bipedalia
871 3387 1176 3468 injiciunt
1219 3407 1413 3468 eaque
1452 3387 1705 3449 laminis
1752 3387 2064 3468 clavisque
2106 3388 2397 3469 religant.

276 3483 387 3544 Ad
416 3486 768 3545 extremum
796 3484 1066 3545 musculi
1095 3486 1341 3545 tectum
1367 3485 1695 3564 trabesque
1738 3487 2043 3547 extremas
2071 3485 2405 3565 quadratas

275 3580 528 3659 regulas
555 3596 692 3640 1111·
718 3583 1006 3660 patentes
1034 3580 1264 3661 digitos
1293 3581 1599 3661 defigunt,
1633 3600 1796 3663 quae!
1818 3580 2041 3641 lateres
2067 3580 2174 3660 qui
2218 3600 2405 3658 super
2446 3583 2524 3641 35

276 3676 570 3738 musculo
597 3678 930 3737 struantur
956 3676 1348 3738 contineant.
1414 3677 1517 3736 Ita
1534 3676 1681 3736 fasti
1686 3678 1830 3755 gate
1851 3678 2038 3752 atque
2061 3672 2403 3733 ordinatim
