2734 4167
891 197 1118 250 ΟΟΜΜ.
1158 198 1209 249 I.
1264 198 1431 250 GAP.
1471 199 1845 253 XIV—XIX.
2420 203 2496 262 19

306 366 527 429 XVII.
580 366 673 426 Re
720 363 974 444 cognita
1018 363 1343 425 Domitius
1400 365 1480 426 ad
1526 363 1905 443 Pompeium
1953 364 2024 425 in
2072 364 2376 445 Apuliam

220 463 469 544 peritos
534 460 871 542 regionum
931 480 1162 542 magno
1217 461 1540 541 proposito
1597 460 1878 541 praemio
1943 481 2090 522 cum
2146 461 2376 523 litteris

224 559 458 633 mittit,
494 557 605 638 qui
635 559 859 637 petant
901 559 1090 637 atque
1134 560 1317 618 orent
1356 560 1432 618 ut
1467 557 1586 619 sibi
1629 556 1962 619 subveniat
1990 579 2005 619 ε
2050 557 2376 620 Caesarem

225 656 480 716 duobus
539 652 917 716 exercitibus
973 657 1036 715 et
1091 654 1377 715 locorum
1431 653 1742 736 angustiis
1790 653 1977 715 facile
2034 654 2376 717 intercludi

224 772 410 832 posse
452 752 903 829 frumentoque
945 750 1285 831 prohiberi.
1380 750 1563 826 Quod
1611 750 1734 812 nisi
1776 750 2019 826 fecerit,
2054 772 2117 813 99
2159 752 2377 813 cohor·
2459 756 2495 813 5

224 853 454 929 tesque
477 845 752 926 amplius
782 863 929 906 XXX
960 866 1393 929 magnumque
1423 867 1761 909 numerum
1792 854 2157 911 senatorum
2186 852 2375 929 atque

226 944 525 1025 equitum
550 944 986 1004 Romanorum
1016 943 1086 1003 in
1106 943 1464 1023 periculum
1493 964 1622 1005 9999
1650 949 2013 1007 venturum.
2106 945 2376 1006 Interim

227 1060 378 1101 suos
407 1039 775 1101 cohortatus
803 1041 1124 1101 tormenta
1151 1038 1221 1099 in
1253 1040 1453 1101 muris
1483 1040 1767 1120 disponit
1797 1045 2119 1122 certasque
2148 1041 2375 1122 cuique

226 1141 447 1218 partes
494 1138 575 1198 ad
620 1136 972 1197 custodiam
1013 1135 1188 1197 urbis
1232 1136 1571 1214 attribuit3
1614 1138 1928 1200 militibus
1968 1138 2039 1200 in
2081 1138 2375 1200 contione

214 1253 418 1314 agros
445 1253 520 1294 ex
550 1232 678 1293 suis
719 1232 1211 1312 possessionibus
1239 1232 1596 1312 pollicetur,
1631 1238 1940 1315 quaterna
1982 1235 2049 1295 in
2093 1234 2376 1314 singulos
2419 1236 2495 1293 10

228 1331 459 1411 jugera
486 1333 550 1391 et
578 1349 692 1409 pro
720 1331 857 1390 rata
883 1333 1064 1409 parte
1093 1329 1573 1391 centurionibus
1612 1331 2008 1412 evocatisque
2118 1330 2366 1391 XVIII.

229 1426 508 1489 Interim
555 1425 802 1488 Caesari
858 1427 1200 1488 nuntiatur
1257 1427 1726 1504 Sulmonenses,
1776 1429 1946 1509 quod
1988 1427 2296 1508 oppidum
2338 1447 2376 1488 a
2557 1457 2562 1464 ·
2617 1459 2628 1466 ·

232 1523 516 1586 Corfinio
544 1540 652 1584 VII
683 1523 937 1584 milium
979 1523 1312 1586 intervallo
1355 1524 1549 1599 abest,
1586 1544 1814 1605 cupere
1860 1545 1931 1587 ea
1958 1525 2165 1586 facere
2215 1544 2374 1604 quae
2455 1527 2494 1542 '¹

228 1620 443 1696 vellet,
478 1620 587 1681 sed
616 1640 654 1680 a
683 1619 754 1695 Q.
794 1620 1092 1681 Lucretio
1122 1625 1408 1682 senatore
1437 1624 1502 1682 et
1531 1621 1714 1683 Attio
1738 1621 2001 1703 Peligno
2028 1620 2368 1701 prohiberi,

230 1717 345 1800 qui
388 1717 457 1778 id
499 1717 809 1797 oppidum
851 1734 960 1778 VII
1003 1717 1362 1779 cohortium
1407 1718 1718 1798 praesidio
1753 1720 2073 1781 tenebant.
2166 1718 2374 1779 Mittit
2418 1721 2494 1779 15

230 1835 308 1878 eo
350 1815 437 1876 M.
476 1813 838 1875 Antonium
881 1834 1028 1875 cum
1071 1814 1337 1895 legionis
1380 1831 1520 1875 XIII
1569 1816 1933 1877 cohortibus
1972 1832 2036 1878 V.
2130 1813 2376 1878 Sulmo-

230 1931 477 1986 nenses,
508 1911 912 1992 simulatque
947 1911 1128 1992 signa
1155 1915 1371 1972 nostra
1398 1911 1720 1986 viderunt,
1748 1915 1960 1992 portas
1989 1915 2375 1992 aperuerunt

230 2005 658 2088 universique,
694 2012 759 2070 et
787 2007 1089 2088 oppidani
1134 2012 1199 2069 et
1241 2007 1496 2082 milites,
1532 2008 1781 2069 obviam
1823 2011 2214 2091 gratulantes
2242 2009 2376 2070 An-

230 2106 411 2168 tonio
440 2104 752 2166 exierunt.
844 2103 1178 2166 Lucretius
1207 2094 1271 2165 et
1299 2103 1523 2165 Attius
1552 2106 1630 2166 de
1659 2126 1843 2167 muro
1889 2127 1951 2168 99
1980 2107 2366 2187 dejecerunt.

231 2202 457 2264 Attius
503 2202 587 2262 ad
633 2200 995 2261 Antonium
1041 2202 1353 2262 deductus
1399 2201 1563 2280 petit
1607 2205 1681 2263 ut
1730 2204 1809 2263 ad
1858 2202 2184 2264 Caesarem
2231 2203 2377 2263 mit-
2418 2205 2495 2264 20

231 2303 496 2361 teretur.
586 2296 911 2358 Antonius
953 2317 1101 2359 cum
1130 2296 1497 2359 cohortibus
1539 2301 1602 2360 et
1632 2298 1834 2373 Attio,
1870 2299 2091 2361 eodem
2120 2298 2222 2359 die
2252 2319 2376 2379 quo

230 2397 560 2476 profectus
589 2397 743 2468 erat,
770 2394 1128 2455 revertitur.
1223 2393 1449 2482 Caesar
1476 2414 1577 2456 eas
1607 2395 1891 2457 cohortes
1920 2415 2068 2457 cum
2097 2395 2376 2457 exercitu

232 2512 346 2554 suo
375 2490 719 2572 conjunxit
743 2490 1125 2571 Attiumque
1154 2489 1542 2552 incolumem
1571 2490 1834 2554 dimisit.
1901 2491 2126 2554 Caesar
2152 2492 2376 2573 primis

233 2590 457 2651 diebus
502 2592 706 2650 castra
746 2588 996 2669 magnis
1039 2587 1334 2667 operibus
1362 2587 1613 2649 munire
1643 2591 1707 2649 et
1742 2608 1816 2650 ex
1845 2588 2138 2650 finitimis
2167 2589 2376 2650 muni-

232 2687 418 2767 cipiis
446 2686 854 2746 frumentum
895 2688 1285 2763 comportare
1326 2684 1723 2765 reliquasque
1766 2685 1976 2764 copias
2019 2690 2376 2766 exspectare
2418 2688 2494 2748 25

231 2782 541 2845 instituit.
632 2782 730 2842 Eo
759 2782 974 2843 triduo
997 2782 1161 2862 legio
1190 2798 1329 2843 VIII
1359 2783 1440 2842 ad
1469 2801 1615 2842 eum
1644 2781 1821 2843 vonit
1863 2783 2272 2864 cohortesque
2302 2804 2378 2845 ex

232 2880 416 2942 novis
447 2878 693 2941 Galliae
725 2879 1072 2941 delectibus
1105 2896 1264 2939 XXII
1294 2877 1659 2958 equitesque
1699 2879 1776 2940 ab
1806 2899 1949 2959 rege
1978 2879 2215 2942 Norico
2258 2880 2377 2941 cir-

232 2977 394 3039 citer
421 2992 561 3038 999.
658 2975 942 3051 Quorum
973 2977 1251 3037 adventu
1281 2976 1478 3036 altera
1506 2978 1709 3036 castra
1750 2976 1832 3036 ad
1860 2976 2122 3037 alteram
2156 2976 2374 3056 oppidi

230 3077 483 3155 partem
539 3073 726 3153 ponit
753 3094 770 3150 3
828 3074 930 3135 his
986 3072 1206 3135 castris
1264 3071 1609 3134 Curionem
1674 3073 2000 3152 praefecit.
2094 3072 2377 3154 Reliquis

231 3172 455 3232 diebus
514 3169 829 3250 oppidum
884 3170 1049 3231 vallo
1105 3168 1498 3248 castellisque
1554 3168 2010 3231 circumvenire
2066 3169 2367 3232 instituit.
2419 3174 2496 3233 30

232 3266 440 3347 Cujus
471 3266 679 3346 operis
708 3264 986 3326 maxima
1013 3269 1191 3345 parte
1221 3266 1445 3327 effecta
1474 3266 1694 3334 eodem
1721 3265 1852 3327 fere
1880 3269 2162 3345 tempore
2204 3266 2377 3328 missi

229 3384 269 3425 a
311 3364 622 3444 Pompeio
665 3365 1091 3426 revertuntur.
1140 3354 1174 3472 s
1184 3362 1367 3424 XIX.
1420 3362 1682 3424 Litteris
1725 3362 2018 3441 perlectis
2055 3362 2378 3424 Domitius

230 3461 642 3522 dissimulans
680 3460 751 3520 in
780 3458 1049 3522 concilio
1078 3458 1455 3538 pronuntiat
1485 3458 1861 3537 Pompeium
1912 3458 2195 3521 celeriter
2235 3459 2378 3519 sub-

229 3558 391 3620 sidio
421 3561 772 3621 venturum
801 3557 1220 3638 hortaturque
1250 3577 1352 3620 eos
1380 3577 1462 3618 ne
1501 3556 1713 3617 animo
1743 3555 2062 3629 deficiant,
2097 3574 2378 3634 quaeque

226 3656 372 3718 usui
393 3656 481 3720 ad
502 3655 985 3716 defendendum
1015 3654 1321 3734 oppidum
1345 3652 1475 3714 sint
1502 3654 1749 3732 parent.
1813 3651 1955 3731 Ipse
1977 3670 2202 3712 arcano
2232 3669 2379 3711 cum
2420 3650 2495 3709 35

223 3752 449 3835 paucis
477 3750 905 3813 familiaribus
948 3749 1078 3810 suis
1123 3748 1509 3829 colloquitur
1550 3744 2009 3827 consiliumque
2049 3745 2238 3823 fugae
2279 3764 2379 3805 ca-
