2734 4167
239 229 315 286 96
635 248 650 263 ·
1012 221 1130 274 DE
1169 221 1433 276 BELLO
1480 222 1567 276 01
1568 222 1744 316 11:1121

357 386 468 448 riis
521 385 1080 466 funditoribusque
1149 385 1599 466 circumjectis,
1660 390 1880 466 postea
1933 388 2086 452 levis
2140 393 2496 456 armaturae

355 502 590 563 magna
633 482 1049 544 multitudine
1078 482 1269 544 missa
1310 483 1768 565 tormentisque
1800 485 2063 564 prolatis
2106 487 2496 552 munitiones

357 580 784 660 impediebat3
825 599 1028 688 neque
1069 582 1204 640 erat
1245 579 1433 641 facile
1475 579 1709 642 nostris
1750 600 1881 642 uno
1908 585 2194 662 tempore
2221 603 2497 666 propug-

355 697 506 740 nare
561 681 625 739 et
681 676 948 738 munire.
1043 675 1288 766 Caesar,
1342 695 1493 737 cum
1536 695 1680 739 suos
1736 696 1813 739 ex
1858 678 2151 742 omnibus
2207 680 2523 761 partibus

276 777 313 836 5
356 773 674 836 vulnerari
703 773 963 848 videret,
998 760 1274 852 recipere
1315 791 1381 834 se
1408 772 1598 852 jussit
1640 776 1706 836 et
1748 774 1889 836 loco
1933 777 2245 838 excedere.
2335 777 2497 839 Erat

357 891 472 951 per
499 869 735 932 declive
763 873 1068 950 receptus.
1161 869 1265 930 Illi
1293 871 1511 931 autem
1538 869 1659 932 hoc
1689 871 1895 934 acrius
1936 871 2263 935 instabant
2288 893 2495 955 neque

357 967 602 1048 regredi
643 970 890 1029 nostros
929 952 1355 1046 patiebantur,
1390 967 1559 1046 quod
1600 966 1830 1030 timore
1870 968 2131 1030 adducti
2159 970 2371 1032 locum
2399 989 2495 1032 re-

356 1065 642 1145 linquere
670 1064 1065 1126 videbantur.
1149 1063 1408 1125 Dicitur
1434 1084 1507 1127 eo
1536 1066 1819 1145 tempore
1846 1065 2124 1146 glorians
2150 1067 2321 1146 apud
2349 1086 2495 1129 suos

358 1161 694 1242 Pompeius
743 1161 1013 1223 dixisse:
1061 1181 1194 1222 non
1237 1180 1523 1224 recusare
1563 1181 1637 1223 se
1685 1161 1842 1242 quin
1888 1163 2129 1225 nullius
2175 1183 2326 1225 usus
2375 1163 2493 1225 im-

238 1262 315 1321 10
357 1262 608 1338 perator
651 1257 1137 1335 existimaretur,
1173 1256 1225 1317 81
1275 1257 1411 1320 81110
1456 1257 1734 1319 maximo
1783 1256 2168 1320 detrimento
2216 1260 2493 1341 legiones

358 1355 636 1418 Caesaris
664 1374 792 1416 sese
821 1353 1201 1433 recepissent
1242 1352 1392 1415 inde
1433 1372 1557 1433 quo
1584 1355 1821 1416 temere
1862 1358 2067 1417 essent
2107 1375 2483 1438 progressae.

356 1451 591 1514 XLVI.
643 1449 872 1512 Caesar
897 1449 1180 1529 receptui
1209 1468 1468 1510 suorum
1496 1449 1730 1522 timens
1772 1458 1971 1514 crates
2015 1451 2098 1512 ad
2135 1455 2493 1514 extremum

355 1549 682 1609 tumulum
729 1549 954 1610 contra
993 1546 1241 1608 hostem
1289 1545 1561 1625 proferri
1610 1548 1676 1608 et
1726 1547 2013 1610 adversas
2061 1548 2275 1623 locari,
2322 1548 2494 1611 intra

355 1645 469 1706 has
487 1644 798 1707 mediocri
824 1643 1168 1705 latitudine
1196 1643 1432 1704 fossam
1462 1642 1648 1704 tectis
1690 1643 2001 1705 militibus
2042 1645 2274 1707 obduci
2302 1645 2523 1726 jussit:

237 1745 314 1804 15
355 1743 689 1822 locumque
737 1741 807 1802 in
857 1761 1072 1803 omnes
1121 1743 1330 1822 partes
1359 1760 1573 1839 quam
1622 1740 1895 1802 maxime
1944 1741 2255 1821 impediri.
2347 1742 2493 1823 Ipse

356 1838 599 1899 idoneis
642 1837 795 1898 10018
849 1837 1208 1900 funditores
1262 1816 1590 1912 instruxit,
1643 1839 1719 1898 ut
1772 1837 2083 1917 praesidio
2141 1837 2372 1900 nostris
2428 1858 2493 1910 se

355 1935 809 2015 recipientibus
853 1937 1076 1997 essent.
1169 1934 1289 1995 His
1337 1935 1523 1996 rebus
1571 1933 1880 1996 confectis
1922 1935 2235 2016 legionem
2274 1935 2493 1998 reduci

355 2031 562 2112 jussit.
654 2031 1026 2112 Pompeiani
1070 2030 1192 2093 hoc
1236 2031 1613 2094 insolentius
1658 2035 1848 2113 atque
1898 2031 2199 2093 audacius
2246 2035 2494 2095 nostros

354 2150 636 2211 premere
686 2134 749 2192 et
793 2130 1028 2192 instare
1057 2133 1401 2210 coeperunt
1450 2133 1774 2210 cratesque
1816 2150 1933 2210 pro
1981 2130 2337 2194 munitione
2385 2133 2494 2194 ob-

235 2231 316 2290 20
355 2229 552 2309 jectas
606 2229 1045 2308 propulerunt,
1099 2229 1174 2288 ut
1226 2227 1427 2289 fossas
1482 2227 2017 2289 transcenderent.
2117 2226 2300 2302 Quod
2344 2249 2494 2291 cum

355 2324 899 2387 animadvertisset
946 2324 1192 2400 Caesar,
1238 2321 1479 2386 veritus
1520 2343 1601 2390 110
1644 2343 1777 2402 non
1824 2323 2071 2385 reducti
2116 2324 2226 2387 sed
2269 2325 2493 2406 rejecti

353 2422 741 2497 viderentur,
775 2423 1106 2504 majusque
1151 2422 1611 2484 detrimentum
1656 2423 2005 2500 caperetur,
2041 2439 2078 2481 a
2120 2421 2331 2483 medio
2359 2422 2495 2485 fere

355 2521 560 2601 spatio
609 2540 752 2582 suos
799 2540 912 2600 per
954 2519 1337 2595 Antonium,
1382 2518 1493 2599 qui
1542 2518 1599 2580 ei
1646 2517 1883 2599 legioni
1930 2521 2237 2599 praeerat,
2272 2519 2494 2582 cohor-

355 2620 550 2693 tatuS,
585 2619 741 2679 tuba
769 2616 1024 2697 signum
1055 2615 1191 2678 dari
1222 2618 1412 2696 atque
1441 2614 1510 2675 in
1538 2613 1747 2676 hostes
1775 2614 2092 2694 impetum
2113 2614 2250 2677 fieri
2277 2616 2486 2696 jussit.

105 2725 110 2731 '
233 2717 313 2777 25
357 2715 596 2777 Milites
622 2713 888 2795 legionis
916 2729 1085 2774 v1111
1116 2711 1325 2774 subito
1355 2710 1699 2791 conspirati
1727 2709 1859 2791 pila
1888 2713 2296 2793 coniecerunt
2324 2714 2389 2774 et
2416 2733 2495 2774 ex

354 2809 650 2872 inferiore
672 2810 812 2870 loco
841 2809 1138 2871 adversus
1165 2808 1402 2870 clivum
1426 2806 1677 2868 incitati
1700 2827 1889 2869 cursu
1909 2807 2284 2889 praecipites
2309 2807 2495 2870 Pom-

353 2908 613 2990 peianos
642 2909 909 2989 egerunt
938 2908 1002 2968 et
1030 2910 1209 2988 terga
1250 2908 1493 2969 vertere
1536 2908 1929 2986 coegerunt,
1972 2905 2201 2986 quibus
2229 2906 2312 2967 ad
2338 2905 2493 2968 reci-

353 3006 661 3087 piendum
711 3007 910 3066 crates
959 3002 1258 3083 disjectae
1306 3000 1710 3082 longuriique
1764 3002 1998 3083 objecti
2047 3005 2111 3064 et
2159 3001 2493 3063 institutae

352 3102 555 3164 fossae
598 3121 828 3183 magno
870 3098 1330 3179 impedimento
1358 3097 1644 3159 suerunt.
1736 3097 1958 3160 Nostri
1987 3118 2155 3179 vem,
2190 3098 2300 3179 qui
2343 3098 2494 3160 satis

234 3202 313 3261 30
354 3199 674 3262 habebant
717 3198 849 3260 sine
879 3196 1260 3259 detrimento
1296 3193 1634 3270 discedere,
1669 3195 2099 3276 compluribus
2141 3195 2493 3258 interfectis

300 3339 329 3346 --
352 3313 400 3358 v
429 3297 689 3358 omnino
717 3314 976 3357 suorum
1004 3292 1248 3355 amissis
1270 3292 1657 3373 quietissime
1686 3313 1750 3356 se
1778 3296 2152 3374 receperunt
2178 3295 2493 3375 pauloque

355 3393 515 3455 citra
543 3413 688 3455 eum
715 3393 927 3456 10011111
957 3391 1094 3453 aliis
1124 3390 1591 3470 comprehensis
1620 3391 1885 3454 collibus
1925 3390 2313 3452 munitiones
2353 3410 2492 3470 per-

353 3490 662 3553 fecerunt.
754 3489 1023 3552 XLVII.
1074 3489 1234 3550 Erat
1267 3508 1434 3550 nova
1478 3491 1543 3550 et
1591 3487 1898 3550 inusitata
1938 3486 2089 3550 belli
2136 3487 2299 3548 ratio
2344 3505 2491 3548 cum

356 3587 452 3646 tot
481 3586 879 3648 castellorum
908 3606 1172 3648 numero
1201 3588 1509 3665 tantoque
1538 3585 1741 3666 spatio
1770 3589 1834 3648 et
1875 3583 2073 3646 tantis
2117 3582 2491 3645 munitioni-

234 3684 311 3740 35
359 3681 472 3742 bus
499 3684 564 3742 et
591 3684 729 3741 toto
758 3681 1099 3745 obsidionis
1119 3701 1367 3764 genere,
1391 3685 1536 3743 tum
1564 3681 1759 3744 etiam
1780 3680 2039 3763 reliquis
2067 3681 2271 3743 rebuS.
2322 3679 2492 3742 Nam

357 3773 737 3856 quicumque
793 3778 1064 3838 alterum
1119 3777 1402 3842 obsidere
1451 3779 1664 3842 conati
1712 3782 1885 3856 sunt,
1934 3779 2255 3860 perculsos
2301 3781 2491 3858 atque
