2734 4167
819 224 1046 278 ooflffls.
1083 224 1136 277 Ι.
1180 224 1344 277 ΟΑΡ.
1384 214 1745 278 LIX—LXI
1746 226 1807 280 V.
2353 230 2430 287 39

167 393 250 455 0(1
300 391 624 453 Hiberum
674 388 972 469 miliaque
1019 408 1318 469 passuum
1367 409 1405 449 a
1450 389 1666 451 castris
1711 391 1924 453 aberat
1954 406 2118 451 xxx.
2208 390 2315 450 Ad

167 510 324 551 eum
349 490 568 550 locum
608 486 892 555 fluminis
936 484 1202 548 navibus
1229 484 1473 567 junctis
1516 489 1779 567 pontem
1822 486 2137 566 imperant
2178 486 2314 547 fieri

167 586 581 667 legionesque
611 584 772 643 duas
888 601 1036 643 men
1067 580 1332 643 Sicorim
1361 582 1732 658 traducunt,
1768 586 1969 645 castra
2009 583 2315 643 muniunt

169 682 339 743 vallo
379 682 624 761 pedum
671 696 780 741 X11
888 678 1099 741 LXII.
1152 678 1292 754 Qua
1331 701 1398 743 re
1441 701 1554 762 per
1598 682 2015 761 exploratores
2061 681 2316 762 cognita

114 805 157 821 -—
173 797 425 839 0111111110
451 770 687 839 labore
714 727 995 837 rnilitum
1044 775 1270 837 Caesar
1318 777 1693 839 continuato
1725 778 1892 839 diem
1938 781 2314 858 noctemque
2398 782 2431 839 5

177 894 364 955 opere
421 875 492 935 in
550 873 814 936 flumine
870 874 1209 935 avertendo
1266 873 1395 935 huc
1451 875 1585 956 jam
1622 876 1975 937 reduxerat
2030 896 2184 951 rem,
2238 878 2315 935 ut

177 970 446 1051 equites,
501 970 620 1032 etsi
671 970 1010 1031 difficulter
1064 972 1252 1051 atque
1301 991 1483 1052 aegre
1532 972 1741 1047 fiebat,
1795 975 2049 1051 possent
2097 974 2313 1033 tamen

176 1071 368 1149 atque
421 1066 732 1128 auderent
777 1066 1017 1127 flumen
1068 1066 1355 1143 transire,
1389 1068 1633 1147 pedites
1682 1088 1827 1130 vero
1869 1068 2315 1129 tantummodo

173 1162 461 1226 humeris
491 1183 564 1224 ac
594 1181 840 1224 summo
866 1166 1119 1242 pectore
1149 1167 1411 1239 exstare,
1446 1168 1510 1225 et
1552 1185 1700 1226 cum
1742 1165 2083 1227 altitudine
2118 1185 2315 1244 aquae

173 1264 321 1321 tum
343 1259 544 1323 etiam
570 1258 909 1339 rapiditate
929 1258 1213 1320 fluminis
1242 1260 1323 1320 ad
1345 1262 1807 1323 transeundum
1829 1261 2305 1342 impedirentur.
2358 1265 2435 1323 10

177 1357 304 1419 Sed
331 1360 552 1419 tamen
583 1357 803 1418 eodem
822 1356 954 1417 fere
976 1359 1258 1435 tempore
1286 1376 1447 1436 pons
1469 1357 1538 1418 in
1562 1358 1802 1420 Hibero
1830 1379 2023 1438 prope
2054 1358 2315 1420 effectus

173 1455 604 1516 nuntiabatur
631 1457 694 1515 et
722 1452 789 1514 111
821 1452 1020 1515 Sicori
1047 1454 1284 1515 vadum
1313 1455 1759 1534 reperiebatur.
1856 1471 1863 1477 ·

258 1554 511 1616 LXIII.
561 1553 608 1615 J
609 1573 711 1613 am
740 1573 884 1615 vero
913 1572 986 1615 eo
1014 1553 1214 1634 magis
1244 1554 1340 1615 illi
1367 1556 1822 1617 maturandum
1850 1556 1973 1617 iter
2000 1554 2315 1617 existima-
2570 1554 2601 1572 ““
2628 1562 2635 1569 “

173 1653 350 1713 110111.
446 1651 673 1731 Itaque
713 1649 985 1711 duabus
1001 1640 1414 1713 auxiliaribus
1452 1652 1817 1713 cohortibus
1854 1652 2096 1714 Ilerdae
2140 1672 2316 1732 prae-

175 1748 338 1810 sidio
359 1746 623 1822 relictis,
647 1746 942 1807 omnibus
963 1746 1160 1826 copiis
1177 1746 1445 1807 Sicorim
1462 1750 1797 1811 transeunt
1819 1752 1883 1809 et
1906 1766 2052 1809 cum
2072 1749 2315 1809 duabus
2359 1752 2435 1809 15

171 1844 538 1927 legionibus
577 1862 731 1923 quas
759 1842 1186 1925 superioribus
1215 1842 1437 1905 diebus
1478 1846 1893 1906 traduxerant
1942 1848 2143 1907 castra
2170 1846 2317 1926 jun-

172 1944 364 2023 gunt.
458 1938 960 2019 Relinquebatur
989 1938 1228 2000 Caesari
1274 1939 1462 2015 nihil,
1496 1940 1617 2001 nisi
1645 1941 1743 2001 uti
1772 1941 2060 2049 equitatu
2089 1962 2317 2050 agmen

173 2036 680 2100 adversariorum
722 2036 884 2097 male
913 2035 1172 2098 haberet
1200 2038 1264 2095 et
1302 2040 1600 2115 carperet.
1694 2037 1859 2098 Pons
1904 2037 2076 2099 0111111
2120 2038 2351 2118 ipsius

173 2155 492 2217 magnum
538 2131 881 2195 circuitum
923 2133 1226 2209 habebat,
1267 2139 1342 2194 ut
1392 2135 1597 2195 multo
1624 2134 1903 2197 breviore
1951 2126 2177 2197 itsnere
2222 2134 2318 2197 illi

173 2234 259 2294 ad
287 2232 611 2293 Hiberum
639 2230 964 2310 pervenire
991 2237 1264 2309 possent.
1357 2230 1623 2310 Equites
1664 2233 1742 2292 ab
1777 2252 1848 2293 eo
1877 2232 2049 2293 missi
2078 2232 2318 2293 flumen
2359 2235 2439 2292 20

171 2330 517 2389 transeunt
559 2329 644 2401 et,
679 2345 826 2387 cum
870 2326 948 2388 de
990 2326 1180 2388 tertia
1205 2326 1425 2407 vigilia
1453 2327 1736 2389 Petreius
1779 2331 1967 2408 atque
2012 2326 2317 2387 Afranius

175 2428 388 2487 castra
415 2423 777 2497 movissent,
811 2427 1070 2502 repente
1099 2443 1228 2486 sese
1269 2425 1350 2485 ad
1379 2423 1808 2491 novissimum,
1844 2444 2070 2503 agmen
2112 2427 2319 2485 osten-

177 2522 350 2582 dunt
399 2522 464 2581 et
513 2539 744 2600 magna
793 2520 1210 2581 multitudine
1263 2521 1651 2582 circumfusa
1690 2520 1918 2581 morari
1969 2525 2155 2601 atque
2197 2520 2319 2581 iter

177 2616 490 2699 impedire
547 2615 888 2695 incipiunt.
979 2617 1218 2679 LXIV.
1281 2616 1499 2677 Prima
1551 2618 1693 2678 luce
1752 2638 1827 2679 ex
1897 2616 2317 2697 superioribus
2406 2560 2493 2708 Χ

177 2714 334 2777 10010
363 2708 536 2795 quae‘
557 2711 836 2775 Caesaris
879 2712 1097 2775 eastris
1138 2718 1318 2775 erant
1347 2714 1713 2794 conjuncta,
1749 2716 2120 2776 cernebatur
2146 2713 2317 2795 equi-
2360 2717 2437 2775 25

179 2816 355 2875 tatus
383 2810 588 2872 nostri
626 2808 864 2890 proelio
892 2811 1260 2872 novissimos
1290 2810 1546 2871 illorum
1587 2810 1788 2891 premi
1816 2812 2218 2873 vehementer
2245 2831 2318 2873 ac

181 2926 670 2987 nonnumquam
699 2907 1006 2969 sustinere
1034 2911 1389 2970 extremum
1418 2928 1646 2989 agmen
1688 2912 1876 2989 atque
1914 2908 2313 2989 interrumpi,

182 3006 336 3068 alias
363 3003 588 3067 inferri
619 3004 798 3085 signa
825 3007 889 3067 et
917 3005 1354 3067 universarum
1383 3004 1743 3066 cohortium
1784 3001 2029 3084 impetu
2070 3008 2319 3066 nostros

181 3101 473 3182 propelli,
509 3101 657 3162 dein
695 3120 912 3162 rursus
944 3119 1281 3163 conversos
1325 3100 1591 3181 insequi.
1684 3100 1863 3161 Totis
1912 3121 2063 3169 vero
2102 3102 2319 3162 castris

184 3198 420 3260 milites
449 3196 740 3259 circulari
769 3200 834 3258 et
862 3197 1070 3257 dolere
1091 3198 1338 3259 hostem
1367 3217 1443 3259 ex
1472 3197 1764 3259 manibus
1792 3197 2055 3273 dimitti,
2081 3197 2320 3258 bellum
2361 3203 2439 3260 30

183 3294 528 3357 necessario
577 3293 828 3373 longius
878 3292 1025 3353 duci
1055 3315 1072 3370 3
1106 3294 1524 3365 ,centuriones
1572 3293 1984 3374 tribunosque
2038 3293 2319 3354 militum

185 3390 358 3452 adire
413 3394 603 3471 atque
654 3391 969 3451 obsecrare
1019 3394 1094 3450 111
1142 3410 1256 3470 per
1305 3410 1407 3451 eos
1459 3389 1685 3451 Caesar
1733 3390 1961 3451 certior
2008 3391 2195 3452 fieret·
2239 3411 2319 3451 ne

181 3487 383 3549 labori
414 3507 527 3548 suo
556 3506 682 3547 neu
710 3486 995 3565 periculo
1021 3490 1305 3566 parceret
1330 3509 1344 3547 :
1387 3491 1639 3566 paratos
1682 3506 1811 3550 esse
1854 3507 2002 3562 sese,
2038 3506 2213 3567 posse
2256 3489 2319 3547 et

183 3584 415 3645 audere
464 3602 539 3644 ea
583 3580 850 3643 transire
901 3584 1139 3644 flumen
1196 3602 1320 3663 qua
1372 3584 1707 3643 traductus
1762 3587 1919 3645 esset
1974 3582 2311 3663 equitatus,
2360 3582 2416 3648 Χ
2451 3602 2454 3609 ·

186 3680 472 3755 Quorum
531 3677 742 3739 studio
799 3681 863 3739 et
918 3678 1174 3740 vocibus
1236 3678 1547 3739 excitatus
1603 3677 1847 3753 Caesar,
1896 3677 2013 3739 etsi
2054 3676 2319 3737 timebat
2362 3679 2438 3736 35

183 3776 402 3838 tantae
443 3774 874 3856 magnitudini
919 3773 1202 3835 fluminis
1244 3772 1593 3834 exercitum
1636 3774 1924 3851 objicere,
1960 3771 2319 3831 conandum
