2734 4167
740 193 976 248 COMM.
1013 192 1066 246 Ι.
1109 192 1272 245 ΟΑΡ.
1310 192 1519 246 LXXI
1523 192 1805 247 V-LXX
1810 195 1976 249 VIII.
2416 200 2494 259 45

248 361 690 445 equitibusque
757 358 1116 422 defendunt
1198 361 1550 421 castrorum
1616 359 2090 441 propinquitate
2158 358 2377 422 confisi

173 459 177 461 ⁷
249 479 432 541 seque
459 458 531 519 in
557 459 762 520 castra
801 455 1121 536 recipiunt
1149 458 1214 517 et
1245 457 1323 517 ab
1353 456 1431 517 iis
1474 457 1840 518 cohortibus
1881 476 2039 538 quae
2080 459 2261 519 erant
2307 455 2380 519 in

249 555 522 642 statione
578 553 661 620 ad
714 554 930 633 portas
985 552 1439 615 defenduntur.
1544 553 1846 616 LXXVI.
1898 552 2140 628 Quibus
2193 553 2382 618 rebus
2427 572 2448 616 c

250 650 558 714 consectis
594 649 752 712 flens
795 648 1082 711 Petreius
1126 648 1487 730 manipulos
1532 649 1829 712 circumit
1872 650 2229 733 militesque
2274 671 2382 732 ap—

249 749 465 829 pellat,
499 766 628 809 neu
657 765 720 808 se
746 764 874 807 neu
905 745 1279 825 Pompeium
1308 746 1755 827 imperatorem
1784 767 1970 809 suum
2014 747 2380 810 adversariis
2462 750 2499 809 5

251 844 331 904 ad
360 842 749 923 supplicium
774 842 1034 903 tradant
1063 842 1364 905 obsecrat.
1457 843 1567 904 Fit
1610 843 1896 907 celeriter
1927 863 2268 907 concursus
2309 844 2380 905 in

250 938 657 1021 praetorium.
749 938 1038 1001 Postulat
1064 942 1141 999 ut
1167 939 1386 1020 jurent
1416 926 1640 1003 omnes
1674 960 1737 1003 se
1780 941 2127 1004 exercitum
2165 942 2382 1003 duces-

252 1056 374 1117 que
415 1056 547 1124 non
575 1036 928 1098 deserturos
969 1055 1171 1117 neque
1214 1036 1598 1116 prodituros,
1632 1057 1837 1118 neque
1880 1038 1997 1100 sibi
2043 1038 2383 1118 separatim

252 1153 293 1194 a
317 1131 574 1213 reliquis
602 1132 938 1194 consilium
965 1135 1299 1212 capturos·
1367 1133 1671 1214 Princeps
1699 1133 1770 1194 in
1799 1134 1954 1196 haec
1994 1135 2184 1196 verba
2209 1134 2383 1215 jurat

253 1228 425 1308 ipse3
482 1227 653 1290 idem
706 1229 1155 1309 jusjurandum
1212 1228 1415 1310 adigit
1471 1228 1855 1308 Afranium3
1914 1231 2385 1311 subsequuntur
2424 1232 2502 1290 10
2619 1260 2624 1264 ·

253 1324 498 1394 tribuni
540 1324 823 1386 militum
865 1325 1387 1407 centurionesque
1413 1348 1430 1404 3
1474 1327 1883 1389 centuriatim
1924 1326 2223 1407 producti
2265 1326 2382 1386 mi-

254 1421 399 1484 lites
428 1422 599 1491 idem
619 1421 859 1502 jurant.
930 1422 1238 1499 Edicunt,
1264 1443 1454 1503 penes
1484 1444 1671 1504 quem
1700 1424 1962 1505 quisque
1992 1425 2075 1486 sit
2106 1423 2408 1486 Caesaris·

255 1518 457 1593 miles,
495 1520 572 1578 ut
611 1518 923 1597 producat
952 1540 969 1596 3
1016 1519 1363 1599 productos
1407 1520 1617 1600 palam
1662 1520 1732 1581 in
1776 1520 2092 1600 praetorio
2138 1520 2381 1582 interfi-

255 1614 456 1678 ciunt.
548 1613 675 1677 Sed
698 1616 1027 1696 plerosque
1054 1615 1102 1676 ii
1130 1615 1240 1696 qui
1269 1620 1635 1696 receperant
1664 1618 1871 1679 celant
1913 1620 2232 1697 noctuque
2273 1636 2386 1696 per

255 1712 499 1775 vallum
540 1712 867 1792 emittunt.
958 1712 1062 1775 Sic
1111 1716 1345 1776 terrore
1389 1714 1597 1776 oblato
1640 1733 1678 1775 a
1720 1713 2009 1790 ducibus,
2046 1713 2386 1776 crudelitas
2429 1716 2504 1775 15

256 1808 329 1870 in
370 1808 701 1889 supplicio,
735 1829 899 1873 nova
937 1810 1158 1892 religio
1187 1810 1606 1891 jurisjurandi
1637 1830 1810 1890 spem
1838 1810 2184 1890 praesentis
2213 1810 2386 1873 dedi-

255 1906 452 1984 tionis
481 1906 741 1967 sustulit
767 1909 1135 1987 mentesque
1164 1907 1448 1969 militum
1490 1906 1803 1969 convertit
1845 1910 1909 1968 et
1950 1927 2084 1969 rem
2112 1907 2193 1968 ad
2230 1906 2387 1987 pris-

256 2002 467 2064 tinam
490 2002 642 2066 belli
668 2003 980 2066 rationem
1007 2003 1267 2086 redegit.
1361 2004 1699 2066 LXXVII.
1739 2003 1980 2080 Caesar,
2016 2004 2123 2085 qui
2154 2003 2387 2066 milites

258 2099 761 2162 adversariorum
815 2100 884 2161 in
939 2104 1141 2179 castra
1207 2121 1320 2181 per
1373 2104 1625 2182 tempus
1694 2101 1988 2183 colloquii
2057 2105 2378 2177 venerant,

258 2216 511 2259 summa
538 2196 870 2277 diligentia
899 2196 1184 2278 conquiri
1213 2200 1277 2259 et
1304 2198 1547 2260 remitti
1575 2198 1775 2278 jubet.
1868 2197 1990 2261 Sed
2018 2218 2095 2259 ex
2122 2217 2386 2259 numero
2429 2201 2507 2258 20

257 2292 669 2355 tribunorum
689 2293 972 2354 militum
999 2294 1571 2375 centurionumque
1593 2294 1892 2355 nonnulli
1922 2314 2035 2356 sua
2061 2295 2388 2357 voluntate

258 2390 436 2469 apud
462 2408 611 2451 eum
652 2394 1108 2453 remanserunt.
1202 2389 1373 2465 Quos
1401 2390 1506 2452 ille
1533 2393 1751 2470 postea
1791 2410 2023 2471 magno
2052 2389 2120 2450 in
2149 2391 2388 2451 honore

258 2484 527 2564 habuit3
569 2485 968 2548 centuriones
1008 2486 1080 2548 in
1120 2486 1358 2567 priores
1402 2486 1672 2562 ordineS,
1706 2486 1946 2567 equites
1975 2487 2292 2548 Romanos
2319 2485 2388 2546 in

257 2580 683 2644 tribunicium
738 2581 1018 2644 restituit
1073 2583 1402 2645 honorem.
1432 2586 1474 2645 J
1506 2582 1880 2645 LXXVIII.
1931 2582 2391 2645 Premebantur

259 2678 604 2742 Afraniani
659 2678 1087 2759 pabulatione,
1141 2681 1541 2761 aquabantur
1595 2699 1795 2761 aegre.
1901 2679 2239 2742 Frumenti
2288 2698 2390 2741 co-
2431 2681 2508 2741 25

257 2776 436 2857 piam
463 2773 792 2856 legionarii
835 2776 1210 2837 nonnullam
1237 2776 1578 2851 habebant,
1614 2776 1784 2856 quod
1816 2774 2065 2837 dierum
2107 2792 2267 2836 XXII
2309 2777 2388 2837 ab

258 2872 475 2934 Ilerda
514 2872 915 2933 frumentum
954 2872 1113 2953 jussi
1156 2876 1337 2934 erant
1388 2873 1627 2948 efferre,
1663 2872 1891 2934 cetrati
1938 2872 2391 2953 auxiliaresque

257 2970 529 3044 nullam,
565 2988 836 3048 quorum
862 2972 1042 3031 erant
1069 2971 1134 3031 et
1159 2969 1497 3030 facultates
1526 2969 1607 3030 ad
1635 2969 1992 3049 parandum
2020 2969 2282 3050 exiguae
2325 2971 2390 3030 et

259 3084 528 3147 corpora
555 3064 806 3127 insueta
832 3066 913 3127 ad
942 3086 1133 3128 onera
1167 3067 1499 3146 portanda.
1591 3065 1816 3146 Itaque
1858 3085 2127 3146 magnus
2169 3085 2390 3127 eorum

259 3162 547 3245 quotidie
575 3181 879 3224 numerus
909 3164 991 3225 ad
1020 3162 1347 3225 Gaesarem
1374 3162 1793 3244 perfugiebat.
1885 3162 1963 3222 In
1991 3161 2091 3224 his
2118 3164 2255 3224 erat
2283 3182 2392 3222 an·
2433 3165 2512 3223 30

257 3260 488 3343 gustiis
516 3279 633 3322 res.
739 3259 863 3322 Sed
907 3280 983 3322 ex
1026 3259 1366 3341 propositis
1412 3258 1691 3322 consiliis
1741 3258 1986 3320 duobus
2035 3258 2392 3339 explicitius

256 3358 600 3421 videbatur
640 3355 917 3418 Ilerdam
958 3356 1208 3433 reverti,
1253 3356 1426 3437 quod
1466 3355 1554 3416 ibi
1595 3356 1861 3436 paulum
1901 3354 2211 3417 frumenti
2252 3355 2395 3417 reli-

256 3455 551 3535 querant.
642 3452 745 3514 Ibi
789 3473 853 3515 se
901 3454 1219 3536 reliquum
1268 3454 1604 3516 consilium
1655 3452 2080 3533 explicaturos
2123 3452 2394 3514 confide-

255 3552 436 3614 bant.
531 3549 805 3611 Tarraco
832 3551 1046 3636 aberat
1071 3550 1365 3632 longius3
1414 3571 1539 3631 quo
1569 3549 1772 3630 spatio
1800 3550 2013 3629 plures
2054 3569 2188 3611 rem
2214 3568 2394 3628 posse

256 3665 442 3708 casus
469 3644 749 3725 recipere
770 3644 1238 3729 intellegebant.
1310 3647 1454 3708 Hoc
1481 3647 1757 3726 probato·
1774 3645 2036 3707 consilio
2066 3665 2142 3707 ex
2175 3643 2394 3707 castris
2435 3645 2510 3706 35

256 3740 776 3826 proficiscuntur.
867 3742 1094 3807 Caesar
1119 3742 1409 3824 equitatu
1435 3743 1797 3824 praemisso,
1836 3742 1945 3822 qui
1978 3740 2394 3804 novissimum
