2734 4167
865 215 1090 270 COMM.
1129 217 1240 268 IH.
1283 216 1453 270 OAP.
1494 217 1559 268 X
1562 215 1839 270 VI-XX.
2393 223 2474 284 83

207 397 366 460 pace
393 399 596 461 agere.
688 378 870 441 XIX.
928 380 1106 441 Inter
1130 379 1281 442 bina
1309 383 1512 442 castra
1540 380 1826 462 Pompeii
1856 385 2043 462 atque
2074 381 2353 444 Caesaris

213 495 421 538 unum
470 477 714 538 flumen
761 479 1016 537 tantum
1069 477 1373 540 intererat
1420 477 1651 557 Apsus,
1696 478 2030 558 crebraque
2075 478 2243 540 inter
2290 499 2353 540 se

215 573 531 653 colloquia
574 573 809 634 milites
836 573 1173 649 habebant,
1207 594 1411 654 neque
1459 575 1666 635 ullum
1714 573 1973 636 interim
2001 575 2202 636 telum
2242 594 2355 654 per

213 668 540 749 pactiones
569 669 967 750 loquentium
1008 670 1465 751 trajiciebatur.
1556 669 1766 732 Mittit
1797 670 1866 732 P.
1909 669 2240 731 Vatinium
2268 672 2355 732 le·-

214 768 442 847 gatum
491 766 573 827 ad
620 766 824 846 ripam
869 767 1073 846 ipsam
1117 767 1420 843 fluminiS,
1469 766 1577 848 qui
1598 817 1603 824 .
1626 787 1698 829 ea
1746 787 1903 848 quae
1952 766 2223 829 maxime
2272 769 2353 828 ad
2436 771 2472 830 5

214 880 438 942 pacem
459 861 772 942 pertinere
800 863 1166 925 viderentur
1193 867 1424 944 ageret,
1452 867 1516 925 et
1544 864 1758 925 crebro
1787 883 2016 944 magna
2042 883 2191 924 voce
2212 882 2354 942 pro·-

212 957 550 1020 nuntiaret
587 957 886 1022 liceretne
914 959 1154 1022 civibus
1199 960 1279 1021 ad
1321 960 1485 1021 cives
1514 961 1591 1020 de
1618 979 1769 1038 pace
1810 960 2047 1040 legatos
2074 959 2346 1035 mittere,

215 1055 390 1134 quod
417 1054 613 1116 etiam
639 1055 930 1137 fugitivis
971 1057 1050 1117 ab
1078 1057 1244 1118 saltu
1273 1057 1589 1138 Pyrenaeo
1626 1055 2168 1136 praedonibusque
2195 1055 2351 1118 licu-

215 1149 386 1225 isset,
422 1151 792 1230 praesertim
820 1172 969 1214 cum
996 1152 1066 1215 id
1093 1157 1369 1234 age-rem,
1402 1173 1482 1215 ne
1512 1152 1675 1214 cives
1704 1172 1851 1214 cum
1880 1152 2121 1214 civibus
2162 1153 2352 1214 armis

215 1248 614 1310 decertarent
647 1249 674 1312 ?
755 1249 965 1311 Multa
992 1251 1362 1330 suppliciter
1387 1250 1639 1311 locutus
1666 1252 1781 1325 est,
1814 1251 1891 1310 ut
1909 1249 1995 1310 -de
2024 1269 2137 1310 sua
2162 1253 2352 1329 atque
2394 1252 2469 1312 10

215 1345 510 1406 omnium
565 1346 766 1408 salute
815 1347 1100 1422 debebat,
1155 1346 1529 1427 silentioque
1578 1348 1656 1407 ab
1706 1345 1991 1426 utrisque
2040 1345 2351 1408 militibus

213 1441 496 1503 audituS.
589 1442 980 1522 Responsum
1017 1446 1110 1504 est
1151 1444 1228 1504 ab
1277 1443 1474 1504 altera
1512 1445 1691 1522 parte
1730 1441 1975 1504 Aulum
2001 1443 2351 1504 Varronem

212 1537 503 1619 profiteri
527 1557 590 1600 se
618 1539 812 1601 altera
834 1539 934 1602 die
957 1541 1038 1600 ad
1060 1539 1449 1621 colloquium
1475 1543 1839 1614 venturum,
1862 1542 2053 1620 atque
2080 1541 2353 1602 eundem

212 1634 508 1697 visurum
557 1637 1091 1717 quemadmodum
1133 1639 1276 1697 tuto
1317 1635 1510 1716 legati
1552 1635 1764 1698 venire
1801 1637 1871 1696 'et
1912 1655 2069 1717 quae
2117 1638 2352 1698 vellent

213 1751 531 1811 exponere
586 1735 881 1812 possent3
924 1735 1292 1813 certumque
1347 1732 1406 1794 ei
1460 1732 1551 1794 rei
1606 1735 1857 1812 tempus
1912 1732 2343 1796 constituitur.
2394 1737 2471 1796 15

215 1827 358 1903 Quo
390 1847 539 1890 cum
581 1831 740 1890 esset
776 1832 1024 1908 postero
1053 1829 1154 1890 die
1195 1833 1481 1903 ventum,
1516 1848 1745 1909 magna
1784 1828 2106 1907 utrimque
2132 1829 2351 1890 multi-

213 1927 378 1986 tudo
437 1925 754 2001 convenit,
808 1945 1160 2007 magnaque
1209 1929 1342 1988 erat
1394 1925 1777 2004 exspectatio
1818 1924 1957 2004 ejus
1998 1923 2109 1999 rei,
2164 1927 2352 2004 atque

215 2010 512 2084 omnium
551 2021 747 2082 animi
793 2022 1029 2084 intenti
1075 2042 1203 2084 esse
1241 2023 1322 2083 ad
1363 2041 1583 2101 pacem
1610 2021 2004 2083 videbantur.
2096 2019 2235 2095 Qua
2275 2041 2352 2083 ex

213 2117 579 2199 frequentia
617 2118 802 2180 Titus
845 2118 1160 2180 Labienus
1207 2118 1441 2198 prodit,
1477 2117 1807 2178 summissa
1850 2116 2131 2178 oratione
2178 2117 2352 2197 loqui

215 2215 296 2276 de
339 2233 493 2294 pace
537 2217 724 2295 atque
767 2215 1053 2277 altercari
1097 2235 1244 2277 cum
1271 2215 1533 2278 Vatinio
1575 2215 1819 2294 incipit.
1912 2213 2197 2289 Quorum
2224 2235 2352 2276 me·
2394 2219 2472 2277 20

216 2311 395 2372 diam
423 2311 772 2373 orationem
799 2311 1280 2391 interrumpunt
1314 2312 1525 2374 subito
1566 2311 1849 2391 undique
1878 2311 2005 2371 tela
2030 2309 2309 2370 immissa
2333 2331 2353 2386 3

216 2427 380 2489 quac
399 2406 508 2470 ille
537 2409 823 2470 obtectus
852 2408 1042 2470 armis
1070 2408 1353 2469 militum
1380 2408 1606 2470 vitavit
1636 2429 1653 2485 3
1694 2408 2111 2469 vulnerantur
2138 2410 2354 2468 tamen

217 2504 595 2583 complureS,
622 2495 692 2564 in
718 2504 820 2566 his
844 2504 1172 2566 Cornelius
1194 2505 1449 2581 Ba1bus,
1478 2505 1565 2566 M.
1598 2504 1862 2578 Plotius,
1892 2503 1963 2565 L.
1994 2503 2346 2578 Tiburtina

215 2599 622 2663 centuriones
661 2600 1018 2682 militesque
1063 2603 1376 2664 nonnulli.
1468 2602 1637 2662 Tum
1688 2600 2046 2662 Labienus:
2101 2605 2147 2633 “
2174 2599 2351 2661 Desi-

215 2697 355 2759 nite
403 2717 551 2778 ergo
599 2698 678 2759 de
727 2697 1178 2777 compositione
1219 2698 1396 2778 loqui
1426 2719 1443 2776 3
1486 2718 1639 2759 nam
1684 2697 1867 2758 nobis
1914 2696 2038 2758 nisi
2075 2696 2352 2760 Caesaris
2394 2695 2525 2761 25¹.

216 2792 426 2874 capite
454 2794 650 2855 relato
677 2813 802 2873 pax
830 2813 956 2856 esse
985 2794 1164 2855 nulla
1190 2797 1417 2874 potest.
1430 2795 1467 2823 '³
1956 2785 1961 2790 ’
2386 2838 2429 2888 4
2438 2731 2491 2846 s

301 2889 452 2951 XX.
503 2889 736 2950 Iisdem
777 2890 1166 2970 temporibus
1210 2891 1297 2952 M.
1337 2891 1587 2952 Coelius
1630 2891 1837 2960 Rus-us
1877 2893 2128 2970 praetor
2168 2909 2353 2951 causa
2406 2890 2423 2920 ”

217 2985 581 3048 debitorum
630 2989 918 3066 suscepta
961 2985 1146 3048 initio
1195 2987 1601 3068 magistratus
1642 2987 1924 3049 tribunal
1952 3005 2139 3047 suum
2166 2986 2353 3066 juxta

221 3081 293 3144 O.
329 3080 628 3156 Treboni,
681 3081 984 3162 praetoris
1036 3081 1280 3157 urbani,
1337 3084 1551 3144 sellam
1601 3083 1931 3145 collocavit
1980 3085 2063 3157 et,
2111 3081 2162 3145 si
2212 3081 2351 3162 quis

218 3176 657 3258 appellavisset
713 3179 790 3240 de
845 3178 1280 3250 aestimatione
1329 3183 1393 3240 et
1442 3180 1519 3240 de
1568 3179 1985 3240 solutionibus
2035 3198 2191 3258 quae
2240 3197 2353 3257 per
2392 3181 2471 3239 30

218 3274 531 3337 arbitrum
553 3275 797 3350 fierent,
825 3279 900 3336 ut
931 3275 1154 3337 Caesar
1174 3295 1464 3354 praesens
1494 3277 1925 3351 constituerat,
1952 3276 2086 3336 fore
2114 3273 2351 3336 auxilio

217 3370 654 3451 pollicebatur.
749 3371 871 3432 Sed
925 3372 1114 3432 fiebat
1171 3372 1486 3452 aequitate
1542 3372 1777 3434 decreti
1834 3375 1897 3434 et
1951 3369 2353 3436 humanitate

220 3467 520 3543 Treboni,
548 3469 657 3548 qui
685 3467 786 3529 his
807 3468 1195 3549 temporibus
1225 3471 1564 3532 clementer
1591 3472 1655 3531 et
1676 3469 1993 3530 moderate
2014 3467 2117 3548 jus
2140 3465 2350 3528 dicen-

219 3566 380 3627 dum
429 3565 848 3640 existimabat,
883 3569 958 3626 ut
1006 3566 1264 3645 reperiri
1305 3588 1436 3627 non
1478 3568 1730 3645 possent
1758 3585 1795 3625 a
1823 3564 2049 3644 quibus
2090 3562 2351 3622 initium

219 3661 583 3743 appellandi
625 3667 1004 3724 nasceretur.
1095 3663 1262 3724 Nam
1305 3664 1569 3724 fortasse
1617 3660 1899 3740 inopiam
1948 3677 2239 3720 excusare
2288 3662 2351 3723 et
2394 3661 2469 3718 35

217 3758 650 3822 calamitatem
677 3762 790 3821 aut
816 3759 1136 3840 propriam
1164 3779 1343 3821 suam
1372 3762 1483 3821 aut
1510 3762 1870 3838 temporum
1892 3755 2069 3838 queri
2098 3759 2162 3818 et
2189 3754 2351 3815 diffi-
