2734 4167
271 174 345 236 74

226 1685 342 1744 ’15

236 2126 344 2226 ’66

388 617 583 696 cop''s
610 617 864 696 recepit.

282 870 291 877 ,
320 898 333 907 .
434 638 551 913 st
564 850 575 877 1
678 830 685 865 ἶ
744 796 859 879 111-...α-

1045 167 1162 217 DE
1200 165 1464 217 BELLO
1504 164 1757 217 CIVILI

387 329 798 406 senatoribu8,
833 350 958 410 quo
1002 330 1072 390 in
1099 348 1365 399 numero
1410 332 1546 390 erat
1597 328 1726 391 Ser.
1765 328 2083 409 Sulpicius
2129 332 2193 390 et
2242 329 2535 390 Licinius

386 425 831 505 Damasippus,
864 425 1081 505 paucis
1109 445 1267 506 quae
1295 425 1433 486 fieri
1462 424 1653 485 vellet
1697 424 1924 486 Uticae
1969 425 2300 487 constituit
2336 427 2534 505 atque

388 522 741 600 imperavit,
776 521 1117 601 diebusque
1145 523 1289 601 post
1315 520 1533 601 paucis
1570 540 1633 582 se
1662 520 1731 581 in
1758 541 2029 601 regnum
2056 541 2204 582 cum
2232 521 2535 583 omnibus

810 1007 1522 1076 COMMENTARIUS
1580 1009 1983 1071 TERTIUS.

468 1299 519 1361 I.
571 1299 895 1362 Dictatore
940 1300 1212 1363 habente
1262 1302 1521 1363 comitia
1568 1301 1848 1377 Caesare,
1900 1302 2184 1364 consules
2229 1303 2533 1364 creantur

384 1396 601 1458 Julius
632 1396 856 1458 Caesar
896 1400 961 1458 et
1003 1396 1073 1457 P.
1113 1397 1455 1476 Serviliu83
1503 1398 1556 1459 is
1599 1398 1771 1460 enim
1815 1401 1949 1459 erat
1993 1417 2198 1460 annus
2243 1418 2370 1478 quo
2412 1418 2534 1479 per

385 1492 552 1572 leges
601 1492 659 1553 ei
709 1494 1028 1554 consulem
1077 1492 1213 1555 fieri
1263 1493 1498 1556 liceret.
1591 1494 1712 1557 His
1759 1495 1946 1557 rebus
1993 1493 2319 1570 6611166116,
2376 1514 2531 1558 66111

384 1587 540 1648 fides
567 1590 703 1650 tota
731 1588 918 1650 Italia
946 1592 1106 1651 esset
1133 1590 1458 1670 angustior
1484 1610 1690 1670 neque
1736 1590 2010 1652 creditae
2056 1591 2362 1672 pecuniae
2408 1592 2530 1653 sol-

383 1686 699 1759 verentur,
759 1685 1091 1755 constituit
1144 1688 1218 1745 61
1274 1686 1493 1747 arbitri
1550 1687 1898 1764 darentur3
1964 1707 2078 1766 per
2134 1706 2235 1749 eos
2291 1686 2524 1749 fierent

384 1781 847 1845 aestimationes
873 1782 1330 1863 possessionum
1370 1787 1436 1845 et
1462 1803 1694 1859 rerum,
1730 1783 1953 1864 quanti
1994 1804 2277 1864 quaeque
2307 1803 2530 1846 earum

385 1880 532 1938 ante
552 1878 792 1939 bellum
818 1879 1062 1955 1616661,
1091 1882 1279 1959 atque
1307 1881 1426 1941 hae
1455 1880 1868 1942 creditoribus
1889 1881 2311 1943 traderentur.
2379 1882 2524 1944 Hoc

385 1974 451 2033 et
477 1964 558 2034 ad
596 1974 890 2035 timorem
934 1994 1241 2036 novarum
1269 1975 1630 2036 tabularum
1671 1975 2025 2036 tollendum
2076 1975 2528 2038 minuendum-

386 2090 527 2150 que,
563 2071 672 2150 qui
699 2071 830 2133 1616
858 2072 1023 2133 bella
1065 2074 1129 2133 et
1157 2071 1370 2133 civiles
1399 2069 1812 2133 dissensiones
1858 2071 2032 2152 sequi
2078 2071 2425 2147 consuevit,
2461 2074 2527 2134 et

384 2165 466 2226 ad
493 2165 851 2227 debitorum
876 2168 1181 2229 tuendam
1212 2166 1742 2229 existimationem
1771 2187 1899 2229 esse
1937 2167 2337 2247 aptissimum
2366 2168 2525 2230 exis-

383 2262 652 2325 timavit.
745 2264 1032 2344 Itemque
1061 2263 1453 2343 praetoribus
1480 2264 1875 2344 tribunisque
1920 2265 2120 2344 plebis
2167 2266 2524 2345 rogationes

264 2398 271 2405 ·
385 2359 465 2420 ad
518 2361 828 2440 populum
882 2359 1252 2435 ferentibus,
1306 2360 1644 2422 nonnullos
1699 2359 1973 2421 ambitus
2030 2359 2332 2440 Pompeia
2385 2361 2523 2442 lege

264 2650 342 2709 25

264 3133 344 3201 30

268 3604 344 3661 35

385 2455 713 2517 damnatos
741 2456 865 2517 illis
892 2456 1279 2536 temporibus
1308 2455 1536 2536 quibus
1579 2455 1648 2516 in
1675 2457 1831 2518 61116
1860 2456 2170 2536 praesidia
2197 2456 2523 2537 legionum

388 2551 725 2632 Pompeius
751 2552 1058 2615 habuerat
1090 2552 1275 2634 (quae
1304 2551 1546 2632 judicia
1575 2552 1714 2614 aliis
1741 2551 2147 2614 audientibus
2175 2553 2519 2634 judicibuS,

385 2646 522 2708 aliis
571 2648 951 2710 sententiam
999 2649 1352 2711 serentibus
1400 2647 1665 2730 singulis
1710 2648 1931 2711 diebus
1978 2651 2159 2710 erant
2206 2649 2519 2731 perfecta)

386 2742 455 2804 in
483 2742 802 2826 integrum
830 2745 1128 2820 restituit,
1157 2744 1260 2825 qui
1293 2764 1356 2806 se
1386 2744 1480 2805 illi
1510 2743 1694 2805 initio
1722 2744 1923 2807 civilis
1950 2745 2100 2808 belli
2129 2746 2517 2823 obtulerant,

385 2838 438 2901 si
481 2858 594 2901 sua
637 2860 825 2948 opera
866 2838 936 2902 in
962 2842 1126 2903 116116
1154 2839 1252 2902 611
1280 2841 1491 2917 vellet,
1526 2841 1788 2921 proinde
1818 2841 2156 2904 aestimans
2183 2862 2256 2904 ac
2285 2842 2336 2905 si
2377 2862 2525 2906 usus

386 2938 566 3012 esset,
620 2936 919 3022 quoniam
974 2936 1070 2998 sui
1125 2937 1426 2998 1661666111
1480 2940 1876 3017 potestatem.
1970 2938 2294 3001 Statuerat
2351 2938 2525 3001 enim

385 3032 561 3113 prius
588 3032 702 3093 hos
729 3033 969 3113 judicio
1016 3032 1236 3112 populi
1267 3033 1491 3095 debere
1542 3033 1791 3095 restitui
1838 3054 2027 3114 quam
2078 3054 2190 3096 suo
2219 3034 2525 3097 beneficio

385 3128 584 3190 rideri
613 3132 914 3210 receptos,
949 3149 1029 3190 ne
1058 3132 1169 3191 aut
1208 3128 1493 3210 ingratus
1540 3128 1606 3189 in
1650 3131 1980 3192 referenda
2024 3130 2226 3212 gratia
2271 3135 2383 3193 aut
2432 3153 2525 3193 61-

386 3245 610 3306 rogans
639 3226 707 3285 in
743 3224 1179 3305 praeripiendo
1218 3225 1439 3304 populi
1468 3225 1771 3287 beneficio
1818 3227 2156 3289 videretur.
2249 3225 2338 3289 II.
2404 3228 2525 3291 His

385 3322 569 3383 rebus
614 3326 678 3382 et
714 3322 889 3383 161116
936 3320 1178 3382 Latinis
1228 3320 1622 3401 comitiisque
1669 3322 1960 3384 omnibus
2008 3322 2410 3402 perficiendis
2448 3341 2524 3387 XI

387 3414 518 3477 (lies
558 3417 783 3477 tribuit
833 3417 1271 3497 dictaturaque
1315 3436 1378 3479 se
1430 3417 1679 3478 abdicat
1708 3420 1771 3478 et
1799 3418 1878 3478 ab
1904 3419 2059 3481 urbe
2104 3419 2526 3498 proficiscitur

388 3510 922 3592 Brundisiumque
963 3513 1267 3591 pervenit.
1359 3512 1458 3574 Eo
1499 3513 1775 3594 legiones
1816 3530 1946 3589 XII,
1995 3514 2354 3596 equitatum
2396 3537 2524 3580 om-

387 3622 535 3664 nem
555 3604 766 3665 venire
794 3607 1079 3683 jusserat.
1163 3608 1284 3670 Sed
1306 3613 1564 3671 tantum
1583 3612 1843 3673 navium
1865 3614 2120 3691 reperit,
2148 3618 2223 3674 61
2245 3619 2514 3696 anguste

390 3711 484 3755 xv
513 3695 689 3756 milia
715 3697 1202 3777 legionariorum
1223 3703 1526 3779 militum,
1552 3720 1636 3766 Dc
1659 3706 1899 3786 equites
1920 3711 2354 3789 transportare
2377 3730 2513 3791 pos-
