2734 4167
244 239 323 298 94
1019 229 1136 282 DE
1176 229 1441 284 BELLo
1487 230 1755 285 GJVJLI

365 397 492 457 tior
546 397 757 458 factus
810 397 1062 475 postero
1117 392 1219 455 die
1285 396 1488 455 castra
1543 394 1763 470 movit,
1824 394 2107 459 breviore
2159 394 2383 457 itinere
2436 410 2501 458 88

367 511 690 555 0881111818
744 490 802 554 81
850 510 1030 571 posse
1085 509 1359 569 sperans.
1453 489 1637 565 Quod
1684 492 1821 556 fore
1876 486 2231 572 suspicatus
2280 491 2503 553 Caesar

367 589 725 670 militesque
754 589 1129 650 adhortatus
1155 590 1231 647 ut
1262 606 1461 668 aequo
1485 588 1699 649 animo
1721 590 1999 652 laborem
2026 591 2286 665 ferrent,
2312 609 2506 670 parva

365 690 544 767 parte
565 686 774 748 noctis
802 685 1028 747 itinere
1057 684 1417 746 intermisso
1439 704 1625 747 mane
1644 686 2117 768 Dyrrhachium
2137 687 2334 762 venit,
2357 706 2506 749 cum

285 789 324 849 ὅ
365 784 647 865 primum
675 803 902 865 agmen
934 782 1220 864 Pompeii
1248 784 1473 864 procul
1517 787 1897 859 cerneretur,
1931 787 2120 864 atque
2170 783 2259 845 ibi
2305 793 2508 844 castra

364 883 598 962 posuit.
689 881 899 942 XLII.
952 880 1290 961 Pompeius
1332 881 1716 943 interclusus
1758 881 2175 964 Dyrrhachio,
2209 880 2319 941 ubi
2362 900 2508 959 pro·
2580 953 2585 958 ,

366 978 649 1058 positum
675 980 891 1039 tenere
932 997 1065 1037 non
1092 977 1325 1057 potuit,
1360 978 1636 1039 secundo
1663 996 1815 1038 usus
1850 977 2112 1038 consilio
2142 976 2314 1038 edito
2341 977 2503 1051 loco,

366 1074 477 1154 qui
524 1074 880 1154 appellatur
927 1073 1116 1135 Petra
1162 1073 1535 1154 aditumque
1568 1073 1762 1136 habet
1810 1074 2077 1136 navibus
2125 1072 2508 1134 mediocrem

365 1176 554 1253 atque
603 1192 704 1234 eas
753 1191 790 1233 a
838 1173 1215 1253 quibusdam
1264 1171 1544 1255 protegit
1590 1171 1816 1247 ventis,
1868 1174 2073 1234 castra
2121 1168 2498 1232 communit.

246 1271 324 1331 10
366 1269 463 1330 Eo
504 1273 752 1349 partem
800 1269 1061 1332 navium
1105 1271 1441 1351 longarum
1486 1268 1838 1343 convenire,
1892 1269 2289 1330 frumentum
2335 1285 2507 1328 com-

364 1369 771 1446 meatumque
813 1367 891 1427 ab
920 1365 1073 1428 Asia
1115 1369 1304 1447 atque
1334 1365 1628 1427 omnibus
1665 1364 2031 1446 regionibus
2069 1383 2223 1445 quas
2249 1363 2508 1425 tenebat

365 1464 748 1543 comportari
777 1462 1066 1544 imperat.
1160 1462 1387 1525 Caesar
1418 1462 1670 1544 longius
1698 1461 1937 1523 bellum
1964 1461 2234 1522 ductum
2278 1460 2358 1521 iri
2402 1482 2507 1524 ex-

362 1559 653 1622 istimans
697 1562 760 1621 et
810 1560 887 1621 de
937 1558 1179 1620 Italicis
1228 1558 1681 1620 commeatibus
1719 1558 2072 1637 desperanS,
2107 1557 2278 1638 quod
2325 1562 2509 1620 tanta

365 1656 698 1737 diligentia
744 1654 960 1717 omnia
979 1656 1171 1716 litora
1198 1675 1237 1716 a
1280 1653 1682 1734 Pompeianis
1729 1654 2112 1716 tenebantur
2137 1644 2506 1734 'classesque

246 1755 321 1814 15
363 1751 583 1832 ipsius,
638 1771 793 1833 quas
843 1752 1050 1814 hieme
1099 1752 1169 1812 in
1219 1750 1455 1826 Sicilia,
1492 1749 1717 1826 Gallia,
1753 1750 1941 1812 Italia
1985 1751 2245 1825 fecerat,
2296 1770 2503 1813 mora-

365 1849 622 1924 bantur,
656 1848 726 1908 in
766 1847 1039 1927 Epirum
1079 1847 1170 1909 rei
1198 1847 1650 1910 frumentariae
1692 1866 1881 1929 causa
1903 1846 1981 1922 Q.
2022 1846 2289 1908 Tillium
2330 1850 2395 1909 et
2424 1847 2497 1909 L.

367 1944 746 2006 Canuleium
799 1945 1083 2026 legatum
1131 1942 1325 2020 misit,
1383 1944 1673 2024 quodque
1728 1943 1847 2029 hae
1902 1942 2187 2024 regiones
2242 1944 2505 2005 aberant

362 2041 637 2123 longiuS,
664 2040 819 2102 locis
865 2040 1051 2102 certis
1078 2039 1302 2102 horrea
1346 2039 1682 2101 constituit
1736 2028 2162 2120 vessturasque
2190 2039 2505 2102 frumenti

363 2138 654 2199 finitimis
704 2137 1070 2199 civitatibus
1099 2136 1450 2215 descripsit.
1541 2135 1706 2197 Item
1736 2135 1914 2198 Lisso
1945 2135 2394 2217 Parthinisque
2427 2139 2505 2211 ‚et

244 2237 324 2297 20
366 2234 658 2295 omnibus
708 2234 979 2295 castellis
1025 2235 1194 2315 quod
1239 2235 1400 2295 88881
1452 2231 1764 2295 frumenti
1813 2232 2100 2313 conquiri
2127 2231 2334 2314 jussit.
2426 2232 2504 2295 Id

363 2335 499 2394 erat
547 2330 961 2412 perexiguum
1010 2350 1158 2392 cum
1205 2328 1403 2410 ipsius
1453 2328 1586 2410 agri
1642 2330 1892 2403 natura,
1948 2328 2119 2409 quod
2166 2331 2318 2390 sunt
2363 2329 2505 2392 loca

363 2447 582 2507 aspera
610 2431 673 2489 et
703 2429 1060 2502 montuosa,
1094 2445 1165 2487 ac
1193 2426 1567 2506 plerumque
1594 2425 1922 2486 frumento
1964 2427 2241 2485 utuntur
2268 2424 2503 2506 impor-

359 2527 517 2600 tato,
553 2527 696 2584 tum
745 2524 917 2605 quod
967 2521 1303 2602 Pompeius
1350 2521 1509 2583 haec
1556 2521 1915 2601 providerat
1937 2546 1942 2550 ·
1964 2523 2028 2582 et
2076 2521 2503 2601 superioribus

361 2621 581 2682 diebus
608 2621 876 2700 praedae
904 2620 1044 2693 loco
1069 2618 1408 2680 Parthinos
1429 2618 1734 2679 habuerat
1761 2617 2285 2698 frumentumque
2315 2638 2503 2682 omne

239 2719 318 2780 25
360 2710 788 2796 conquisitum
816 2715 1099 2796 spoliatis
1135 2715 1496 2795 effossisque
1539 2733 1758 2775 eorum
1785 2713 2079 2773 domibus
2106 2730 2219 2791 per
2258 2714 2503 2794 equites

361 2811 1114 2892 comportaratbeLIII.
1152 2812 1395 2887 Quibus
1417 2811 1602 2872 rebus
1624 2809 1893 2891 cognitis
1918 2808 2142 2871 Caesar
2164 2810 2502 2872 consilium

360 2909 530 2987 capit
579 2928 655 2970 ex
704 2909 826 2969 loci
877 2912 1123 2970 natura.
1216 2909 1422 2970 Erant
1464 2907 1634 2969 enim
1679 2907 1918 2967 circum
1966 2908 2169 2966 castra
2211 2906 2502 2987 Pompeii

357 3006 660 3085 permulti
705 3006 860 3068 editi
890 3009 1077 3088 atque
1123 3006 1327 3086 asperi
1374 3005 1581 3067 801188.
1673 3002 1809 3064 Ηο8
1853 3001 2135 3082 primum
2174 3003 2503 3081 praesidiis

358 3102 570 3163 tenuit
600 3104 976 3183 castellaque
1003 3104 1092 3165 ibi
1123 3101 1497 3165 communit.
1591 3100 1769 3175 Inde,
1797 3102 1872 3160 ut
1899 3099 2019 3161 loci
2050 3099 2358 3180 cujusque
2388 3121 2502 3163 na-

239 3200 317 3259 30
358 3202 504 3259 tura
531 3199 794 3275 ferebat,
824 3219 900 3262 ex
930 3200 1181 3261 castello
1205 3199 1272 3267 in
1303 3199 1633 3261 castellum
1660 3197 1967 3277 perducta
1994 3195 2353 3258 munitione
2384 3197 2504 3259 cir-

362 3296 740 3358 cumvallare
762 3295 1139 3375 Pompeium
1167 3295 1474 3372 instituit,
1502 3295 1657 3356 haec
1687 3296 1995 3372 spectans,
2029 3293 2199 3374 quod
2227 3296 2506 3374 angusta

359 3409 424 3451 re
479 3390 898 3453 frumentaria
952 3393 1270 3467 utebatur,
1332 3391 1627 3472 quodque
1685 3388 2026 3469 Pompeius
2079 3389 2504 3453 multitudine

360 3484 650 3563 equitum
691 3488 956 3562 valebat,
991 3507 1116 3567 quo
1161 3486 1407 3548 minore
1452 3486 1734 3567 periculo
1774 3485 2056 3566 undique
2097 3486 2505 3547 frumentum

361 3584 907 3663 commeatumque
937 3581 1238 3646 exercitui
1270 3586 1644 3663 supportare
1673 3584 1903 3662 posset,
1928 3581 2139 3657 simul,
2173 3581 2272 3643 uti
2299 3583 2504 3662 pabu-

243 3675 318 3733 35
360 3671 593 3736 latione
650 3676 1026 3756 Pompeium
1082 3679 1444 3758 prohiberet
1499 3677 1979 3760 equitatumque
2036 3677 2173 3758 ejus
2227 3677 2310 3738 ad
2366 3698 2504 3741 rem

361 3771 696 3847 gerendam
750 3772 1045 3836 inutilem
1093 3775 1409 3854 efficeret3
1452 3775 1662 3850 tertio,
1717 3777 1794 3836 ut
1836 3773 2304 3849 auctoritatem,
2378 3793 2508 3856 qua
