2734 4167
105 1337 112 1352 ¹
176 1344 238 1390 x

213 176 297 237 54
967 173 1086 224 DE
1124 172 1391 227 BELLO
1440 173 1527 227 CI
1529 174 1706 227 VILI

329 338 533 412 erant,
566 334 637 397 in
665 355 766 399 eas
792 334 1132 416 impeditas
1160 336 1477 417 impetum
1508 336 1759 399 faciunt
1797 337 2205 420 celeriterque
2246 340 2463 403 ambas

331 432 721 513 deprimunt.
811 432 962 494 VII.
1015 432 1140 494 Sed
1168 434 1553 495 Nasidianae
1580 454 1769 497 naves
1796 436 1975 497 nullo
2016 436 2164 497 usui
2191 437 2464 498 fuerunt

331 528 738 608 celeriterque
762 548 981 609 pugna
1009 534 1406 591 excesserunt
1431 552 1448 607 3
1491 550 1624 591 non
1653 530 1824 591 enim
1855 531 1969 591 has
2012 534 2125 607 aut
2168 551 2464 612 conspec-

329 627 436 685 tus
462 624 704 705 patriae
733 628 845 686 aut
872 624 1377 705 propinquorum
1406 629 1741 705 praecepta
1782 626 1865 687 ad
1906 630 2263 689 extremum
2290 627 2465 689 vitae

251 724 287 783 ὅ
329 720 686 801 periculum
729 720 902 782 adire
947 723 1274 813 cogebant.
1365 721 1590 802 Itaque
1638 742 1714 784 ex
1758 742 1831 783 eo
1879 742 2147 784 numero
2166 790 2178 800 ,
2197 722 2465 786 navium

329 818 509 879 nulla
536 816 886 879 desiderata
913 820 1052 895 est3
1095 837 1171 879 ex
1201 817 1695 880 Massiliensium
1736 819 1929 881 classe
1957 836 2004 880 v
2032 822 2186 881 sunt
2213 820 2467 900 depres-
2522 869 2525 872 .

329 906 453 988 sae,
487 929 608 975 1111
637 916 877 993 captae,
910 933 1041 975 una
1082 934 1230 975 cum
1263 913 1631 975 Nasidianis
1658 915 1991 996 profugit3
2036 935 2198 997 quae
2240 934 2465 977 omnes

331 1008 688 1081 citeriorem
716 1008 1094 1089 Hispaniam
1121 1009 1559 1089 petiverunt.
1596 1009 1688 1071 At
1716 1030 1793 1073 ex
1820 1010 2081 1091 reliquis
2122 1032 2255 1073 una
2285 1030 2465 1093 prae-

331 1106 522 1169 missa
568 1106 928 1195 Massiliam
958 1105 1152 1189 hujus
1207 1105 1426 1168 nuntii
1472 1106 1831 1188 perferendi
1880 1107 2131 1188 gratia
2138 1103 2285 1169 611111
2328 1107 2468 1187 jam

211 1204 290 1263 10
331 1189 867 1283 appropinquaret
909 1202 1074 1277 usbi,
1131 1202 1338 1268 omnis
1386 1221 1517 1264 sese
1572 1202 1927 1265 multitudo
1974 1200 2225 1285 effudit,
2276 1206 2340 1265 et
2396 1224 2466 1265 re

238 1274 290 1329 s
331 1299 588 1380 cognita
639 1301 860 1383 tantus
900 1298 1126 1359 luctus
1167 1297 1437 1379 excepit3
1488 1301 1563 1359 ut
1614 1298 1763 1360 urbs
1811 1300 1890 1359 ab
1938 1247 2225 1367 hostibus
2277 1302 2469 1408 capta

43 1377 150 1497 χ’
181 1418 258 1493 (J
243 1446 281 1503 «
331 1396 552 1457 eodem
580 1392 846 1483 vestigio
874 1394 1212 1457 videretur.
1305 1395 1723 1457 Massilienses
1750 1397 1969 1457 tamen
2010 1396 2215 1456 nihilo
2258 1396 2467 1458 secius

7 1499 154 1588 «α’τΨ

331 1484 413 1553 ad
396 1474 894 1554 defensionem
941 1492 1116 1553 urbis
1164 1491 1407 1572 reliqua
1455 1510 1756 1600 apparare
1812 1494 2174 1572 coeperunt.
2212 1458 2270 1596 l
2264 1492 2455 1555 VIII

332 1590 452 1650 Est
484 1588 991 1651 animadversum
1019 1589 1097 1650 ab
1124 1588 1484 1669 legionariis
1514 1587 1622 1668 qui
1652 1588 1941 1650 dextram
1970 1592 2217 1668 partem'
2259 1586 2467 1668 operis

165 1689 289 1747 ·15
331 1684 885 1777 administrabant,
921 1704 998 1746 ex
1025 1684 1256 1747 crebris
1284 1683 1569 1746 hostium
1599 1684 2039 1775 eruptionibus
2080 1705 2312 1766 magno
2342 1684 2466 1747 sibi

332 1800 462 1847 esse
490 1780 1029 1861 praesidiotposse,
1065 1780 1117 1842 si
1145 1780 1233 1841 ibi
1261 1800 1377 1860 pro
1405 1780 1661 1841 castello
1690 1799 1763 1841 ac
1791 1781 2186 1860 receptaculo
2226 1778 2466 1841 turrim

335 1897 412 1939 ex
452 1878 646 1940 latere
690 1878 806 1938 sub
849 1895 1031 1938 muro
1057 1876 1377 1939 fecissent.
1428 1876 1675 1951 ⁶=Quam
1719 1876 1925 1956 primo
1970 1878 2053 1937 ad
2100 1876 2466 1956 repentinos

299 1984 312 1991 “
330 1976 624 2038 incursus
651 1976 960 2038 humilem
987 1995 1371 2056 parvamque
1393 1975 1702 2037 fecerunt.
1782 1975 1943 2037 -Huc
1972 1996 2037 2037 se
2064 1976 2424 2037 referebant
2447 1998 2465 2054 3

331 2073 506 2149 hinc,
542 2072 594 2134 si
623 2093 747 2153 qua
774 2073 980 2153 major
1028 2074 1422 2153 oppresserat
1466 2071 1581 2147 vis,
1618 2071 2143 2153 propugnabant3
2184 2070 2339 2133 hinc
2382 2074 2467 2133 ad

211 2174 291 2233 20
331 2170 766 2251 repellendum
793 2172 858 2231 et
885 2169 1397 2250 prosequendum
1440 2168 1688 2230 hostem
1716 2169 2191 2247 procurrebant.
2279 2167 2465 2230 Pate-

332 2267 442 2329 bat
490 2266 642 2328 haec
688 2285 1152 2347 quoquoversus
1196 2266 1389 2345 pedes
1421 2280 1589 2339 xxx,
1624 2264 1736 2326 sed
1765 2264 2082 2344 parietum
2110 2264 2465 2326 crassitudo

331 2365 520 2444 pedes
547 2380 612 2425 v.
704 2362 930 2424 Postea
956 2382 1123 2437 ver0,
1156 2366 1232 2423 ut
1261 2365 1357 2424 est
1385 2381 1597 2423 rerum
1626 2361 1916 2421 omnium
1944 2360 2244 2442 magister
2284 2380 2459 2438 usus,

331 2460 668 2522 hominum
695 2458 981 2520 adhibita
1021 2457 1300 2519 sollertia
1339 2456 1677 2519 inventum
1722 2460 1817 2519 est
1856 2476 2088 2538 magno
2139 2475 2268 2518 esse
2317 2456 2468 2517 usui

331 2575 530 2636 posse,
565 2555 618 2617 si
645 2556 800 2617 haec
829 2559 986 2617 esset
1014 2554 1084 2615 in
1111 2553 1520 2615 altitudinem
1566 2553 1765 2615 turris
1806 2554 1988 2615 elata.
2079 2552 2157 2614 Id
2200 2554 2321 2615 hac
2366 2573 2466 2615 ra-

211 2656 290 2715 25
330 2653 506 2715 tione
527 2653 887 2733 perfectum
913 2654 1026 2714 est.
1117 2650 1235 2711 IX.
1285 2650 1417 2735 Ubi
1457 2649 1651 2710 turris
1697 2649 1972 2711 altitudo
2016 2650 2326 2729 perducta
2368 2652 2467 2711 est

332 2751 414 2811 ad
463 2748 1063 2822 contabulationem,
1117 2766 1255 2809 eam
1301 2746 1372 2807 in
1414 2746 1683 2826 parietes
1734 2745 2178 2808 instruxerunt
2226 2745 2336 2821 ita,
2387 2749 2467 2807 ut

333 2845 543 2926 capita
570 2844 897 2925 tignorum
937 2847 1217 2905 extrema
1243 2842 1561 2923 parietum
1602 2844 1927 2903 structura
1954 2842 2347 2921 tegerentur,
2381 2859 2466 2902 ne

333 2943 488 3023 quid
515 2942 820 3003 emineret
847 2940 957 3001 ubi
984 2939 1150 3021 ignis
1179 2938 1464 3009 hostium
1492 2938 1981 2999 adhaeresceret.
2061 2937 2248 2998 Hanc
2276 2949 2469 3016 super

332 3037 894 3120 contignationem,
919 3039 1232 3116 quantum
1254 3038 1495 3098 tectum
1522 3033 1726 3113 plutei
1749 3053 1821 3094 ac
1849 3033 2179 3095 vinearum
2206 3052 2469 3111 passum

211 3138 290 3198 30
331 3139 446 3211 est,
464 3134 792 3197 latericulo
810 3136 1238 3209 astruxerunt,
1259 3121 1573 3211 supraque‘
1591 3150 1740 3191 eum
1756 3130 1968 3190 locum
1988 3146 2047 3189 Π
2066 3128 2245 3209 tigna
2256 3131 2467 3188 trans-

332 3252 508 3295 versa
536 3231 892 3311 injecerunt
911 3249 1044 3291 non
1063 3230 1250 3309 longe
1271 3229 1350 3289 ab
1372 3226 1667 3289 extremis
1689 3225 2052 3305 parietibus,
2082 3223 2309 3303 quibus
2332 3241 2467 3283 sus-

330 3331 679 3409 penderent
723 3347 863 3390 eam
907 3324 1449 3407 contignationem
1493 3342 1651 3403 quae
1699 3320 1862 3382 turri
1910 3319 2260 3401 tegimento
2303 3319 2467 3379 esset

331 3424 573 3499 futura,
608 3442 920 3503 supraque
955 3442 1028 3484 ea
1068 3421 1246 3501 tigna
1287 3418 1530 3481 directo
1570 3421 1953 3479 transversas
1988 3416 2194 3476 trabes
2232 3412 2467 3494 injece-

333 3523 487 3579 runt
527 3539 748 3598 easque
791 3518 1012 3579 axibus
1052 3516 1479 3597 religaverunt
1518 3514 1659 3597 (has
1702 3513 1893 3595 paulo
1920 3510 2233 3591 longiores
2274 3511 2467 3589 atque

213 3614 292 3673 35
337 3613 778 3674 eminentiores
807 3632 996 3693 quam
1019 3611 1281 3675 extremi
1301 3612 1571 3691 parietes
1600 3613 1783 3672 erant
1812 3608 2179 3681 effecerunt,
2200 3610 2275 3665 ut
2303 3606 2467 3667 esset

335 3706 445 3766 ubi
472 3707 818 3786 tegimenta
844 3709 1264 3785 praependere
1299 3709 1557 3785 possent
1585 3707 1667 3767 ad
1707 3702 2144 3767 defendendos
2185 3698 2353 3761 ictus
2392 3716 2467 3760 ac
