2734 4167
787 226 1019 280 coms.
1056 225 1176 280 ΠΙ.
1219 226 1384 281 OAP.
1425 229 1547 280 XX
1554 224 1882 281 v-szx.
2381 233 2462 296 8⁷

198 389 571 467 intulerant,
605 391 683 452 de
711 409 823 452 suo
850 390 1072 452 timere
1115 390 1517 471 cogebantur.
1610 390 1832 471 Itaque
1860 392 2143 471 tempore
2171 410 2338 452 com-

198 490 447 548 mutato
470 488 806 565 tempestas
834 489 897 548 et
923 489 1168 547 nostros
1189 486 1348 547 texit
1372 489 1435 548 et
1457 506 1645 548 naves
1670 486 1946 547 Rhodias
1974 485 2219 562 afflixit,
2247 486 2340 548 ita

197 585 272 644 ut
314 584 396 644 ad
443 602 639 644 unam
687 603 902 645 omnes
950 585 1297 645 constratae
1346 602 1611 644 numero
1661 599 1787 644 XVI
1835 583 2219 645 eliderentur
2271 584 2338 644 et

195 681 536 761 naufragio
563 679 916 756 interirent,
951 682 1014 742 et
1041 699 1117 741 ex
1145 698 1375 760 magno
1418 678 1732 760 remigum
1759 682 2335 761 propugnatorum-

197 797 320 858 que
369 796 634 839 numero
682 764 826 857 pars
875 777 954 838 ad
1003 778 1287 856 scopulos
1335 776 1513 839 allisa
1554 777 2029 853 interficeretur,
2063 796 2207 857 pars
2255 778 2333 839 ab
2415 781 2454 840 5

195 874 429 935 nostris
458 872 892 935 detraheretur
919 895 936 950 3
979 891 1133 953 quos
1160 892 1378 935 omnes
1406 877 1797 935 conservatos
1820 872 2044 935 Caesar
2071 874 2334 934 domum

195 970 458 1031 remisit.
549 970 865 1032 XXVIII.
917 970 1185 1032 Nostrae
1233 991 1421 1033 naves
1464 972 1623 1032 duae
1672 970 1915 1031 tardius
1956 990 2143 1032 cursu
2186 991 2333 1033 con-

194 1067 364 1128 fecto
392 1066 463 1126 in
489 1069 741 1128 noctem
782 1066 1120 1148 conjectae,
1154 1086 1301 1128 011111
1344 1067 1706 1157 ignorarent
1735 1086 1923 1147 quem
1950 1067 2162 1132 locum
2190 1067 2334 1128 reli-

197 1182 354 1243 quae
383 1163 711 1242 cepissent,
746 1166 964 1225 contra
992 1163 1242 1225 Lissum
1270 1163 1340 1225 in
1382 1150 1632 1226 ancoris
1666 1162 2105 1225 constiterunt.
2197 1164 2331 1225 Has

197 1259 444 1340 scaphis
482 1260 950 1340 minoribusque
991 1259 1258 1340 navigiis
1286 1260 1717 1339 compluribus
1746 1259 2091 1322 summissis
2122 1257 2331 1319 Otaci-
2374 1260 2452 1320 10

195 1357 318 1418 11118
364 1355 640 1432 Crassus,
689 1356 797 1436 qui
842 1355 1001 1417 Lissi
1043 1359 1345 1436 praeerat,
1381 1376 1740 1438 expugnare
1783 1356 2043 1435 parabat
2070 1377 2088 1433 3
2142 1354 2333 1417 simul

196 1453 272 1514 de
302 1453 622 1515 deditione
664 1471 880 1514 eorum
909 1453 1130 1533 agebat
1159 1455 1222 1513 et
1264 1452 1768 1514 incolumitatem
1806 1452 2035 1513 deditis
2076 1451 2331 1531 pollice-

194 1550 399 1611 batur.
492 1550 740 1611 Harum
788 1550 983 1611 altera
1022 1542 1200 1611 navis
1230 1565 1408 1611 ccxx
1450 1570 1483 1611 e
1511 1549 1754 1630 legione
1799 1549 2083 1611 tironum
2125 1551 2333 1610 sustu-

193 1647 373 1721 lerat,
400 1647 596 1707 altera
623 1666 699 1708 ex
725 1648 1018 1708 veterana
1044 1646 1234 1725 paulo
1262 1646 1474 1706 minus
1497 1662 1594 1706 00.
1674 1644 1799 1706 Η10
1828 1645 2118 1727 cognosci
2148 1645 2361 1724 11011111

195 1744 510 1823 quantum
565 1744 722 1804 esset
768 1741 1131 1803 hominibus
1184 1742 1479 1822 praesidii
1535 1742 1604 1802 in
1659 1741 1855 1802 animi
1910 1741 2319 1804 firmitudine.
2373 1745 2451 1805 15

197 1839 462 1900 Tirones
491 1838 660 1900 enim
682 1838 1096 1900 multitudine
1117 1838 1378 1901 navium
1399 1837 1717 1918 perterriti
1740 1841 1803 1899 et
1826 1838 1953 1899 salo
1980 1857 2332 1919 nauseaque

164 1964 179 1969 -
195 1934 492 2014 consecti,
527 1935 938 2015 jurejurando
988 1937 1242 2013 accepto
1291 1934 1457 1995 nihil
1506 1934 1582 1996 iis
1629 1934 1949 1996 nocituros
1990 1934 2218 2010 hostes,
2267 1953 2331 1996 80

198 2032 469 2095 Otacilio
497 2032 918 2109 dediderunt3
959 2031 1068 2112 (1111
1097 2050 1312 2093 01111108
1355 2033 1437 2092 ad
1478 2051 1624 2093 eum
1665 2031 1957 2113 perducti
1994 2035 2213 2094 conia-a
2239 2052 2332 2094 re-

194 2129 500 2210 ligionem
535 2126 952 2210 jurisjurandi
995 2127 1062 2188 in
1113 2128 1249 2207 ejus
1291 2130 1631 2207 conspectu
1673 2127 2097 2190 crudelissime
2139 2128 2331 2190 inter-

112 2212 151 2222 ”
197 2225 518 2288 ficiuntur.
609 2223 699 2286 At
736 2227 1062 2286 veteranae
1090 2224 1353 2306 legionis
1398 2225 1649 2301 milites,
1684 2224 1841 2287 item
1882 2225 2224 2286 conflictati
2267 2228 2331 2287 et
2370 2229 2452 2288 20

68 2306 77 2311 ’
194 2319 589 2400 tempestatis
637 2323 700 2382 et
747 2320 1028 2382 sentinae
1075 2318 1267 2395 vitiis,
1301 2338 1503 2399 neque
1548 2340 1624 2381 ex
1664 2320 1932 2400 pristina
1973 2320 2208 2383 virtute
2236 2340 2331 2382 re-

195 2418 587 2480 mittendum
628 2416 865 2498 aliquid
907 2418 1313 2495 putaverunt,
1357 2419 1422 2477 et
1463 2418 1809 2478 tractandis
1857 2417 2330 2479 condicionibus

195 2519 259 2579 et
313 2514 716 2578 simulatione
771 2514 1109 2579 deditionis
1178 2501 1458 2575 extracto
1520 2513 1724 2594 primo
1793 2514 1995 2576 noctis
2049 2517 2330 2593 tempore

193 2613 680 2695 gubernatorem
709 2610 778 2671 in
804 2614 1039 2672 terram
1081 2630 1306 2672 navem
1335 2610 1558 2690 ejicere
1586 2613 1844 2690 cogunt,
1879 2609 1998 2690 ipsi
2031 2610 2330 2672 idoneum

193 2710 409 2770 locum
436 2707 607 2769 nacti
651 2707 956 2787 reliquam
997 2706 1202 2768 noctis
1242 2708 1490 2786 partem
1518 2706 1605 2767 ibi
1649 2707 2056 2768 confecerunt
2083 2710 2148 2768 et
2188 2708 2327 2769 11100
2370 2710 2448 2769 25

192 2805 403 2885 prima
452 2802 656 2864 missis
693 2803 774 2864 ad
822 2822 922 2865 008
964 2803 1041 2864 ab
1090 2802 1357 2864 Otacilio
1404 2802 1719 2882 equitibus
1748 2803 1857 2884 qui
1899 2823 2034 2864 eam
2084 2807 2329 2883 partem

194 2922 337 2963 orae
392 2899 747 2974 maritimae
796 2900 1212 2974 asservabant,
1268 2899 1518 2961 circiter
1566 2916 1744 2975 0000,
1800 2900 2031 2981 (1111(1110
2086 2920 2188 2962 008
2236 2921 2330 2962 ar-

192 2998 353 3060 mati
403 3017 481 3060 ex
520 2995 829 3076 praesidio
872 2996 1066 3058 secuti
1111 2998 1280 3072 sunt,
1315 3016 1379 3057 se
1428 2996 1848 3058 defenderunt
1896 2999 1961 3059 et
2006 2997 2331 3059 nonnullis

194 3114 414 3175 eorum
438 3092 790 3154 interfectis
811 3092 1157 3153 incolumes
1179 3112 1242 3154 se
1263 3093 1344 3152 ad
1365 3094 1609 3154 nostros
1630 3096 2017 3172 receperunt.
2074 3093 2322 3155 XXIX.

196 3184 336 3267 Quo
364 3191 538 3252 facto
566 3190 911 3250 conventus
952 3174 1188 3250 civium
1218 3189 1646 3250 Romanorum
1675 3189 1783 3270 qui
1813 3189 2060 3251 Lissum
2091 3189 2331 3251 obtine·
2374 3192 2451 3251 30

192 3289 372 3363 bant,
415 3286 586 3367 quod
634 3283 942 3365 oppidum
989 3284 1066 3346 iis
1115 3274 1300 3346 antea
1350 3283 1582 3346 Caesar.
1620 3283 1994 3346 attribuerat
2041 3284 2332 3346 munien-

194 3386 476 3466 dumque
498 3384 842 3458 curaverat,
871 3381 1228 3445 Antonium
1249 3381 1475 3461 recipit
1496 3381 1910 3462 omnibusque
1931 3382 2115 3442 rebus
2135 3381 2321 3462 juvit.

196 3481 507 3545 Otacilius
548 3478 666 3540 sibi
695 3478 926 3540 timens
968 3498 1044 3540 ex
1085 3477 1318 3558 oppido
1346 3478 1520 3559 fugit
1562 3482 1625 3540 et
1667 3479 1748 3539 ad
1778 3477 2151 3558 Pompeium
2192 3497 2330 3557 per-

191 3578 385 3642 venit.
498 3573 822 3654 Expositis
877 3574 1169 3636 omnibus
1224 3573 1420 3654 copiis
1474 3573 1814 3650 Antonius,
1876 3593 2142 3655 quarum
2196 3575 2331 3635 erat

189 3694 443 3740 summa
488 3674 929 3734 veteranarum
975 3670 1175 3732 trium
1215 3670 1540 3752 legionum
1587 3671 1899 3750 uniusque
1941 3670 2222 3730 tironum
2265 3672 2327 3729 et
2370 3670 2446 3728 35

189 3773 484 3855 equitum
528 3783 718 3844 noce,
751 3769 1076 3848 plerasque
1117 3786 1305 3830 naves
1345 3767 1418 3828 in
1459 3767 1711 3828 Italiam
1751 3766 2024 3829 remittit
2064 3766 2146 3826 ad
2185 3762 2328 3826 reli-
