2734 4167
806 164 1038 218 Gom
1077 162 1162 216 II.
1207 162 1369 216 OAP.
1407 161 1824 216 XXV—XXX.
2356 169 2431 227 65

175 337 577 418 legionesque
621 348 724 391 eas
749 328 1117 389 traduxerat
1147 325 1339 388 Curio
1367 345 1522 406 quas
1563 327 1988 406 superioribus
2015 327 2316 408 tempori-

29 443 46 460 ·
176 435 291 496 bus
336 426 622 493 Corfinio
665 426 984 504 receperat
1015 422 1258 497 Caesar,
1293 422 1449 483 adeo
1489 424 1566 483 ut
1605 423 1823 503 paucis
1864 424 2130 485 mutatis
2172 443 2316 486 cen-

176 526 536 591 turionibus
591 522 788 583 iidem
844 519 1094 581 ordines
1148 519 1584 600 manipulique
1640 523 2022 586 constarent.
2127 521 2315 583 Hanc

176 627 401 686 nactus
429 616 872 700 appellationis
914 634 1166 678 causam
1195 614 1546 690 Quintilius
1587 615 1920 678 circumire
1961 616 2161 679 aciem
2193 616 2317 679 Gu-

177 719 372 781 rionis
400 720 591 796 atque
634 714 954 775 obsecrare
995 711 1230 775 milites
1271 711 1500 792 coepit,
1534 731 1616 774 ne
1643 712 1916 792 primam
1944 714 2317 775 sacramenti
2400 716 2437 774 5

178 816 346 898 quod
388 814 562 894 apud
610 809 973 872 Domitium
1011 811 1201 890 atque
1247 809 1419 889 apud
1467 827 1531 871 se
1576 812 1971 889 quaestorem
2013 810 2318 873 dixissent

176 909 551 975 memoria‘m
604 908 1013 988 deponerent,
1067 925 1194 993 neu
1249 910 1471 969 contra
1525 926 1629 969 eos
1683 926 1857 969 arma
1910 907 2153 970 ferrent
2209 907 2317 988 qui

178 1009 398 1073 eadem
449 1006 656 1084 essent
703 1003 813 1065 usi
851 1003 1113 1064 fortuna
1161 1004 1504 1084 eademque
1544 1002 1616 1063 in
1658 1002 1978 1065 obsidione
2014 1003 2312 1091 perpessi,

176 1126 303 1167 neu
345 1123 465 1184 pro
489 1101 589 1162 his
630 1101 992 1181 pugnarent
1036 1119 1074 1160 a
1115 1099 1342 1180 quibus
1392 1119 1540 1162 cum
1589 1098 1975 1161 contumelia
2013 1090 2318 1181 perfugae

178 1182 667 1279 appellarentur.
759 1196 910 1257 Huc
936 1215 1139 1276 pauca
1165 1196 1247 1257 ad
1275 1181 1825 1277 spem-largitionis
1854 1195 2122 1271 addidit,
2157 1215 2315 1276 quae
2361 1199 2437 1257 10

179 1297 256 1357 ab
285 1315 400 1356 sua
426 1293 824 1375 liberalitate,
859 1290 911 1353 si
953 1311 1018 1361 se
1059 1294 1247 1372 atque
1277 1291 1535 1354 Attium
1580 1291 1779 1354 secuti
1809 1295 2036 1368 essent,
2070 1312 2319 1373 exspec-

178 1395 313 1454 tare
357 1391 679 1453 deberent.
770 1389 910 1452 Hac
954 1388 1174 1451 habita
1215 1388 1494 1451 oratione
1539 1389 1784 1450 nullam
1831 1388 1902 1449 in
1945 1392 2192 1469 partem
2241 1390 2319 1451 ab

180 1487 462 1551 exercitu
487 1485 780 1547 Curionis
801 1485 877 1546 fit
899 1484 1297 1566 significatiO,
1325 1488 1514 1565 atque
1536 1485 1629 1546 ita
1649 1504 1791 1547 suas
1811 1488 2079 1567 uterque
2110 1485 2320 1565 copias
2333 1485 2496 1624 ἢ
2597 1537 2628 1564 ,

179 1547 533 1682 reducits
538 1582 787 1644 XXIX.
836 1580 930 1643 At
971 1581 1044 1642 in
1091 1582 1309 1644 castris
1360 1581 1655 1643 Curionis
1708 1602 1975 1663 magnus
2031 1581 2321 1643 omnium
2431 1580 2562 1655 [2-

180 1679 437 1742 incessit
463 1679 674 1741 timor.
756 1678 829 1739 'Is
856 1677 1045 1740 variis
1072 1677 1408 1739 hominum
1450 1678 1841 1741 sermonibus
1879 1675 2171 1741 *celeriter
2209 1700 2321 1741 au·
2364 1682 2439 1741 15
2469 1657 2580 1746 ‘ff'
2631 1721 2640 1730 ·

180 1779 382 1857 getur.
475 1774 926 1856 Unusquisque
972 1773 1145 1836 enim
1186 1773 1514 1853 opiniones
1542 1774 1822 1855 fingebat
1850 1779 1916 1836 et
1944 1776 2025 1836 ad
2051 1774 2121 1837 id
2149 1776 2320 1856 quod

181 1873 257 1935 ab
284 1872 411 1934 alio
452 1871 759 1947 audierat,
793 1870 892 1934 sui
932 1870 1174 1951 aliquid
1198 1870 1450 1932 timoris
1490 1872 1778 1948 addebat.
1871 1872 2013 1934 Hoc
2049 1872 2162 1935 ubi
2189 1893 2320 1934 uno

180 1972 435 2031 auctore
478 1968 561 2029 ad
602 1968 814 2047 plures
855 1970 1353 2047 permanaverat,
1388 1971 1578 2048 atque
1619 1967 1779 2029 alius
1808 1967 1918 2029 alii
1944 1969 2314 2044 tradiderat,

179 2066 393 2145 plures
433 2067 721 2126 auctores
761 2064 902 2144 ejus
932 2063 1023 2126 rei
1052 2063 1449 2126 videbantur.
1546 2064 1778 2146 [Civile
1806 2065 2042 2127 bellum
2068 2086 2087 2143 ;
2121 2084 2321 2146 genus

178 2161 517 2222 hominum
564 2162 735 2241 quod
781 2161 1000 2223 liceret
1045 2161 1239 2223 libere
1287 2161 1515 2237 facere,
1548 2164 1612 2223 et
1657 2161 1831 2242 sequi
1874 2163 2044 2242 quod
2087 2163 2318 2240 vellet3
2361 2166 2439 2224 20

181 2259 461 2340 legiones
502 2278 610 2320 eae
638 2277 798 2339 quae
824 2259 1015 2338 paulo
1044 2261 1190 2320 ante
1233 2259 1405 2337 apud
1442 2258 1825 2321 adversarios
1852 2260 2109 2322 fuerant
2142 2259 2319 2341 (nam

180 2356 374 2418 etiam
406 2354 684 2417 Caesaris
711 2354 1090 2418 beneficium
1132 2356 1488 2417 mutaverat
1528 2357 1937 2431 consuetude,
1972 2375 2098 2435 qua
2138 2356 2319 2417 offer-

178 2456 405 2516 rentur
485 2498 1253 2515 ........
1318 2451 1342 2533 )
1372 2473 1390 2529 ;
1438 2452 1789 2531 municipia
1828 2453 2021 2513 etiam
2062 2452 2319 2515 diversis

176 2549 470 2629 partibus
499 2548 848 2628 conjuncta
878 2547 1099 2629 (aeque
1127 2548 1299 2610 enim
1328 2567 1406 2609 ex
1436 2547 1659 2609 Marsis
1682 2547 2083 2629 Pelignisque
2111 2548 2320 2611 venie-
2428 2539 2440 2549 ⁵

175 2645 357 2720 bant,
411 2648 489 2705 ut
530 2643 641 2724 qui
690 2643 1008 2724 superiore
1055 2647 1244 2706 nocte
1327 2658 1343 2706 .’
1436 2690 2201 2707 ........
2262 2645 2309 2724 ).
2360 2647 2440 2707 25

178 2741 261 2802 In
317 2739 750 2803 contuberniis
809 2740 1210 2803 centuriones
1266 2739 1625 2821 militesque
1679 2741 1975 2801 nonnulli
2030 2741 2317 2821 graviora

175 2882 1058 2901 .........
1148 2856 1463 2899 sermones
1517 2835 1803 2898 militum
1860 2836 2041 2898 dubii
2098 2837 2321 2899 durius

174 2934 673 3014 accipiebantur,
708 2932 1003 2993 nonnulli
1053 2933 1246 2994 etiam
1288 2933 1367 2994 ab
1403 2932 1481 2993 iis
1510 2932 1620 3013 qui
1649 2933 2080 3014 diligentiores
2120 2931 2320 2996 videri

171 3030 476 3092 volebant
502 3027 969 3109 fingebantur.]
1031 3028 1245 3089 XXX.
1279 3028 1523 3102 Quibus
1544 3030 1623 3091 de
1652 3029 1856 3091 causis
1884 3029 2145 3092 consilio
2173 3050 2321 3092 con-

170 3128 399 3188 vocato
422 3126 499 3187 de
530 3144 780 3186 summa
804 3144 1019 3196 rerum
1041 3124 1385 3186 deliberare
1414 3124 1661 3206 incipit.
1737 3126 1943 3188 Erant
1971 3126 2319 3189 sententiae
2361 3130 2440 3188 30

172 3241 338 3301 quae
367 3222 730 3283 conandum
775 3221 1068 3283 omnibus
1113 3220 1317 3282 modis
1358 3224 1682 3302 castraque
1711 3223 1867 3285 Vari
1895 3224 2321 3304 oppugnanda

171 3320 527 3393 censerent,
561 3318 733 3398 quod
758 3316 830 3378 in
856 3287 1230 3399 hxfiusmodi
1269 3316 1551 3378 militum
1593 3318 1868 3380 consiliis
1909 3318 2114 3379 otium
2148 3339 2319 3380 max-

170 3413 303 3475 ime
331 3412 725 3476 contrarium
754 3432 883 3494 esse
912 3412 1412 3491 arbitrarentur3
1453 3417 1769 3493 postremo
1810 3418 2126 3496 praestare
2155 3415 2319 3477 dice·
2387 3430 2397 3438 ·

168 3510 333 3572 bant
365 3530 480 3591 per
519 3509 828 3572 virtutem
874 3509 945 3570 in
984 3528 1202 3590 pugna
1241 3508 1392 3570 belli
1432 3510 1762 3571 fortunam
1806 3511 2097 3592 experiri,
2130 3530 2320 3592 quam

168 3606 453 3668 desertos
510 3609 576 3667 et
625 3604 1088 3667 circumventos
1137 3604 1215 3665 ab
1265 3603 1393 3664 suis
1441 3604 1880 3685 gravissimum
1935 3605 2318 3686 supplicium
2361 3607 2439 3667 35

163 3702 440 3785 perpeti.
546 3702 754 3763 Erant
807 3699 919 3781 qui
966 3701 1296 3762 censerent
1350 3699 1430 3761 de
1483 3700 1675 3763 tertia
1720 3701 1937 3783 vigilia
1981 3702 2052 3763 in
2102 3701 2321 3763 Castra

585 3798 620 3850 5
