2734 4167
794 232 1029 287 OOMM
1064 231 1118 285 Ι.
1159 231 1324 285 ΟΑΡ.
1364 231 1513 284 XLI
1518 232 1736 287 V—XL
1752 232 1906 287 VIIL
2392 235 2470 296 33

206 399 637 465 multitudine
678 398 1137 478 premerentur,
1171 394 1566 476 consumptis
1609 395 1901 457 omnibus
1943 394 2086 459 telis
2126 395 2352 478 gladiis

212 497 535 562 destrictis
590 496 908 575 impetum
962 493 1257 556 adversus
1312 481 1599 555 montem
1653 492 1724 553 in
1771 492 2057 555 cohortes
2104 494 2353 556 faciunt

214 595 557 676 paucisque
608 590 871 673 dejectis
918 589 1189 670 reliquos
1241 608 1369 652 sese
1418 592 1777 652 convertere
1823 593 2078 672 cogunt.
2170 590 2351 653 Sum-

216 692 408 753 motis
465 690 582 751 sub
640 705 899 750 murum
954 685 1320 749 cohortibus
1376 705 1448 748 ac
1501 687 1811 747 nonnulla
1863 689 2042 767 parte
2096 691 2354 776 propter

118 810 127 815 ·
215 792 524 851 terrorem
552 786 623 846 in
666 784 972 865 oppidum
1014 781 1353 863 compulsis
1400 782 1605 845 facilis
1654 786 1748 845 est
1788 782 2019 845 nostris
2067 786 2352 864 receptus
2434 788 2470 847 5

218 887 427 964 datus.
517 881 862 962 Equitatus
904 882 1118 941 autem
1159 883 1374 941 noster
1413 880 1491 940 ab
1533 882 1802 961 utroque
1841 879 2055 956 latere,
2090 880 2206 942 etsi
2249 881 2352 944 de-

216 981 405 1063 jectis
446 983 636 1060 atque
684 976 1089 1040 inferioribus
1116 975 1270 1039 locis
1315 975 1705 1053 constiterat,
1740 979 1955 1040 tamen
1996 997 2244 1038 summa
2283 978 2354 1039 in

217 1078 454 1159 jugum
481 1075 719 1138 virtute
747 1072 1101 1137 connititur
1134 1076 1325 1153 atque
1365 1071 1535 1135 inter
1561 1074 1717 1135 duas
1766 1073 1925 1135 acies
1952 1074 2353 1155 perequitans

218 1172 714 1237 commodiorem
754 1191 826 1233 ac
853 1170 1156 1233 tutiorem
1196 1169 1429 1232 nostris
1471 1174 1793 1249 receptum
1821 1171 1950 1233 dat.
2041 1170 2143 1233 Ita
2183 1171 2353 1233 vario

218 1269 568 1334 certamine
595 1271 956 1350 pugnatum
977 1271 1089 1330 est.
1160 1266 1381 1329 Nostri
1410 1266 1480 1327 in
1508 1266 1714 1347 primo
1742 1286 2076 1348 congressu
2106 1267 2356 1331 circiter
2395 1270 2473 1330 10

219 1383 366 1428 Lxx
408 1364 792 1440 ceciderunt,
841 1363 912 1424 in
955 1363 1055 1425 his
1106 1362 1178 1438 Q.
1214 1362 1551 1445 Fulginius
1602 1384 1678 1426 ex
1726 1363 1932 1444 primo
1980 1363 2229 1426 hastato
2269 1366 2355 1427 le-

216 1462 429 1546 gionis
458 1459 793 1542 X1111,qui
838 1463 1098 1541 propter
1138 1459 1436 1522 eximiam
1484 1460 1788 1523 virtutem
1833 1480 1909 1523 cx
1951 1460 2355 1525 inferioribus

216 1559 553 1621 ordinibus
600 1558 670 1619 in
720 1576 867 1621 eum
915 1557 1129 1620 locum
1174 1560 1584 1637 pervenerat3
1625 1558 2042 1621 vulnerantur
2082 1559 2356 1639 amplius

219 1672 333 1718 Dc,
421 1639 524 1716 Ex
573 1652 940 1716 Afranianis
983 1653 1459 1716 interficiuntur
1508 1653 1582 1716 Τ.
1628 1652 1955 1747 Caecilius,
2001 1655 2193 1735 primi
2240 1656 2356 1736 pili

217 1751 533 1827 centuriO,
573 1753 645 1813 et
688 1754 935 1831 praeter
982 1770 1129 1812 eum
1177 1749 1574 1813 centuriones
1624 1767 1764 1825 1111,
1803 1751 2039 1814 milites
2088 1752 2357 1832 amplius
2401 1756 2475 1814 15

219 1865 322 1911 cc,
413 1847 686 1910 XLVII.
739 1846 862 1909 Sed
901 1846 1056 1908 haec
1112 1846 1248 1927 ejus
1307 1846 1433 1908 diei
1482 1848 1837 1927 praefertur
1884 1847 2117 1928 opinio,
2171 1852 2246 1909 ut
2295 1869 2358 1912 se

216 1943 480 2025 utrique
509 1942 854 2024 superiores
882 1942 1730 2024 discessisseexistimarcnt:
1772 1941 2129 2020 Afraniani,
2164 1945 2352 2024 quod,

217 2061 374 2103 cum
414 2060 544 2104 esse
585 2039 873 2101 omnium
912 2039 1154 2120 judicio
1202 2038 1528 2102 inferiores
1573 2040 1958 2117 viderentur,
2006 2040 2359 2103 comminus

217 2142 360 2200 tam
409 2137 522 2199 diu
574 2136 894 2199 stetissent
941 2139 1003 2198 et
1046 2137 1408 2197 nostrorum
1450 2135 1762 2217 impetum
1804 2136 2247 2200 sustinuissent
2295 2141 2359 2200 et

217 2233 410 2296 initio
454 2233 667 2296 locum
708 2232 1157 2312 tumulumque
1205 2231 1557 2295 tenuissent
1602 2253 1759 2314 quae
1801 2254 1985 2295 causa
2031 2234 2359 2315 pugnandi
2401 2237 2480 2295 20

218 2333 457 2407 fuerat,
492 2334 556 2393 et
596 2333 842 2406 nostros
868 2329 1074 2411 primo
1116 2349 1450 2411 congressu
1479 2332 1655 2412 terga
1695 2333 1934 2394 vertere
1975 2330 2360 2412 coegissent3

219 2428 426 2491 nostri
469 2431 704 2504 autem,
739 2428 908 2508 quod
948 2426 1167 2507 iniquo
1209 2427 1345 2488 loco
1389 2429 1576 2506 atque
1618 2426 1846 2506 impari
1889 2427 2198 2509 congressi
2243 2448 2361 2489 nu-

221 2545 398 2588 mero
441 2524 722 2606 quinque
765 2523 936 2585 horis
983 2522 1295 2603 proelium
1336 2523 1801 2600 sustinuissent,
1856 2526 2024 2605 quod
2078 2529 2361 2588 montem

222 2621 454 2704 gladiis
495 2620 812 2684 destrictis
853 2620 1294 2696 ascendissent,
1329 2620 1501 2699 quod
1541 2640 1617 2682 ex
1650 2621 1788 2682 loco
1829 2620 2141 2701 superiore
2184 2625 2363 2704 terga

221 2722 467 2782 vertere
511 2716 891 2797 adversarios
939 2715 1305 2799 coegissent·
1332 2719 1521 2796 atque
1570 2715 1639 2777 in
1680 2716 1987 2796 oppidum
2027 2720 2361 2799 compulis‘-
2403 2723 2480 2781 25

223 2818 385 2878 sent.
476 2814 583 2876 Illi
638 2834 785 2877 eum
839 2812 1165 2876 tumulum
1213 2832 1328 2893 pro
1385 2832 1510 2892 quo
1565 2816 1926 2894 pugnatum
1974 2818 2067 2876 est
2115 2816 2361 2896 magnis

222 2913 519 2993 operibus
547 2911 919 2974 munierunt
947 2909 1456 2991 praesidiumque
1485 2908 1575 2970 ibi
1604 2914 1969 2990 posuerunt.
2047 2912 2352 2975 XLVIII.

223 3009 484 3072 Accidit
538 3008 733 3071 etiam
786 3008 1191 3088 repentinum
1244 3007 1724 3070 incommodum
1779 3008 1975 3070 biduo
2030 3028 2154 3089 quo
2209 3010 2361 3071 haec

222 3110 402 3189 gesta
443 3108 614 3167 sunt.
707 3104 914 3166 Tanta
961 3104 1131 3167 enim
1178 3107 1518 3184 tempestas
1567 3104 1864 3181 cooritur,
1909 3108 1985 3166 ut
2013 3125 2362 3186 numquam

224 3203 353 3264 illis
393 3202 548 3264 locis
589 3200 857 3282 majores
912 3220 1102 3281 aquas
1157 3201 1350 3263 fuisse
1400 3204 1731 3264 constaret.
1823 3202 1992 3262 Tum
2034 3205 2246 3264 autem
2288 3222 2363 3264 ex
2404 3206 2483 3264 30

224 3299 521 3359 omnibus
563 3297 886 3360 montibus
929 3297 1103 3359 nives
1151 3296 1393 3377 proluit
1441 3316 1514 3358 ac
1557 3317 1833 3359 summas
1872 3298 2041 3377 ripas
2082 3298 2364 3360 fluminis

224 3394 548 3475 superavit
588 3398 934 3474 pontesque
982 3394 1167 3455 ambo
1214 3412 1370 3473 quos
1421 3392 1490 3455 O.
1521 3393 1762 3455 Fabius
1808 3395 2043 3457 fecerat
2083 3415 2212 3456 uno
2263 3395 2363 3457 die

223 3490 591 3571 interrupit.
694 3490 875 3566 Quae
930 3510 1028 3551 res
1082 3509 1340 3569 magnas
1398 3489 1801 3566 difficultates
1856 3490 2157 3552 exercitui
2215 3491 2364 3553 an-

223 3588 378 3649 saris
436 3586 678 3648 attulit.
790 3586 1010 3649 Castra
1063 3585 1253 3661 enim,
1314 3573 1410 3646 ut'
1446 3604 1634 3664 supra
1688 3586 2190 3648 demonstratum
2246 3590 2358 3662 est,

224 3703 374 3745 cum
425 3686 633 3745 essent
679 3683 846 3745 inter
893 3682 1161 3745 flumina
1209 3685 1356 3762 du0,
1394 3682 1660 3744 Sicorim
1710 3686 1773 3745 et
1825 3683 2112 3763 Cingam,
2162 3682 2365 3761 spatio
2405 3682 2481 3742 35

222 3780 481 3842 milium
510 3796 681 3856 xxx,
715 3783 1020 3842 neutrum
1047 3777 1279 3839 horum
1306 3778 1561 3839 transiri
1599 3781 1867 3859 poterat,
1898 3776 2364 3855 necessarioque

632 3879 665 3930 3
