2734 4167
229 218 308 278 76
1008 205 1126 257 DE
1161 203 1421 256 BELLO
1468 204 1719 259 CIVILI

347 394 469 455 que
525 369 814 452 coegerat
839 392 853 430 ε
911 384 1028 430 ccc
1086 369 1546 431 Tarcondarius
1604 370 1824 432 Castor
1878 374 1943 433 et
2000 371 2353 452 Donnilaus
2408 385 2489 435 ex

350 467 778 550 Gallograecia
805 467 1118 528 dederunt
1151 466 1408 546 (horum
1437 467 1596 528 alter
1622 487 1755 527 una
1778 471 2058 544 venerat,
2092 470 2253 531 alter
2278 469 2490 530 filium

347 564 673 644 miserat);
717 579 794 623 cc
824 583 900 624 ex
944 562 1123 644 Syria
1165 582 1202 624 a
1251 563 1677 644 Commageno
1726 563 2067 641 Antioch0,
2103 566 2207 627 cui
2256 585 2491 646 magna

350 661 687 742 Pompeius
714 658 994 738 praemia
1019 658 1268 734 tribuit,
1295 659 1470 720 missi
1500 663 1700 735 erant,
1726 660 1796 721 in
1824 661 1925 722 his
1951 662 2235 744 plerique
2263 661 2491 742 hippo-

269 765 308 823 5
349 762 619 820 toxotae.
709 756 855 818 Huc
901 756 1250 831 Dardanos,
1302 757 1521 817 Bessos
1569 757 1805 836 partim
1853 758 2289 834 mercenarios,
2342 779 2490 838 par-

303 867 312 878 ·
350 857 470 919 tim
498 854 762 934 imperio
783 856 895 915 aut
912 853 1116 934 gratia
1131 856 1541 932 comparatOS,
1562 853 1718 914 item
1740 854 2137 930 MacedoneS,¹
2158 856 2491 917 Thessalos

352 973 423 1015 ac
477 950 859 1031 reliquarum
909 950 1199 1030 gentium
1247 953 1312 1010 et
1349 949 1683 1010 civitatum
1732 951 2048 1031 adjecerat
2096 954 2285 1032 atque
2339 972 2491 1013 eum

351 1069 540 1129 quem
569 1067 756 1127 supra
783 1045 1348 1107 demonstravimus
1377 1041 1716 1108 numerum
1744 1049 2119 1127 expleverat.
2164 1040 2166 1042 ’
2210 1049 2289 1111 V.
2327 1049 2491 1110 Fru-

351 1145 552 1208 menti
592 1143 725 1206 vim
771 1142 1113 1203 maximam
1161 1162 1239 1204 ex
1295 1142 1637 1218 Thessalia,
1687 1142 1860 1220 Asia,
1910 1143 2223 1226 AegyptO,
2273 1135 2515 1220 Oreta,‘

233 1247 310 1310 10
355 1241 614 1324 Cyrenis
639 1239 1018 1320 reliquisque
1045 1239 1407 1320 regionibus
1434 1243 1919 1319 comparaverat.
1998 1241 2297 1302 Hiemare
2322 1241 2490 1322 Dyr-

352 1338 616 1414 rhachii,
649 1335 1020 1416 Apolloniae
1049 1335 1464 1416 omnibusque
1506 1336 1753 1416 oppidis
1800 1336 2137 1398 maritimis
2154 1367 2161 1373 ·
2180 1337 2489 1398 constitu-

354 1438 507 1511 erat,
533 1436 610 1496 ut
637 1453 808 1494 mare
835 1431 1101 1494 transire
1127 1431 1455 1494 Gaesarem
1483 1432 1866 1512 prohiberet,
1895 1434 2155 1514 ejusque
2182 1433 2274 1496 rei
2302 1453 2491 1496 causa

354 1531 528 1592 omni
557 1550 664 1591 ora
705 1528 1022 1590 maritima
1048 1528 1306 1590 classem
1335 1528 1742 1608 disposuerat.
1835 1529 2128 1592 Praeerat
2156 1529 2491 1611 Aegyptiis

354 1627 616 1688 navibus
645 1625 983 1704 Pompeius
1009 1623 1200 1700 filius,
1233 1623 1529 1686 Asiaticis
1558 1625 1639 1686 D.
1677 1625 1929 1687 Laelius
1958 1633 2022 1688 et
2071 1625 2139 1688 O.
2178 1626 2482 1702 TriariUS,

235 1729 312 1787 15
357 1723 623 1806 Syriacis
667 1722 736 1784 O.
775 1721 1042 1797 CassiuS,
1077 1721 1340 1782 Rhodiis
1384 1721 1453 1782 G.
1492 1721 1827 1786 Marcellus
1876 1743 2021 1784 cum
2070 1723 2139 1785 G.
2179 1723 2483 1803 CoponiO,
2584 1757 2587 1760 ⁴

356 1820 732 1882 Liburnicae
775 1822 962 1915 atque
991 1817 1302 1879 Achaicae
1345 1817 1524 1880 classi
1555 1818 1688 1880 Scri
1696 1819 1917 1880 bonius
1946 1819 2105 1880 Libo
2134 1823 2199 1881 et
2241 1820 2329 1882 M.
2370 1816 2490 1882 Oc-

357 1918 580 1979 tavius.
671 1916 819 1977 Toti
848 1918 1063 1976 tamen
1096 1915 1299 1976 officio
1326 1915 1647 1975 maritimo
1677 1915 1763 1976 M.
1794 1915 2069 1977 'Bibulus
2096 1917 2489 1996 praepositus

357 2017 586 2077 cuncta
611 2012 1129 2088 administrabat3
1171 2011 1252 2072 ad
1279 2010 1452 2072 hunc
1481 2031 1727 2072 summa
1753 2011 2004 2092 imperii
2030 2013 2417 2094 respiciebat.

235 2213 316 2270 20
436 2209 550 2269 VI.
604 2207 846 2281 Caesar,
879 2208 955 2266 ut
983 2204 1397 2265 Brundisium
1436 2205 1633 2282 venit,
1668 2205 2067 2268 contionatus
2110 2209 2280 2287 apud
2322 2208 2491 2269 mili-

355 2310 472 2382 1100,
506 2303 802 2385 quoniam
830 2321 1023 2382 prope
1065 2302 1144 2362 ad
1186 2301 1382 2362 finem
1408 2301 1695 2362 laborum
1738 2321 1809 2363 ac
1857 2303 2281 2384 periculorum
2328 2304 2490 2365 esset

357 2405 752 2483 perventum,
807 2419 1006 2480 aequo
1046 2397 1258 2459 animo
1307 2399 1623 2481 mancipia
1676 2403 1865 2480 atque
1915 2400 2371 2480 impedimenta
2419 2401 2489 2462 in

359 2500 546 2560 Italia
591 2498 1040 2577 relinquerent,
1089 2493 1210 2574 ipsi
1259 2495 1535 2574 expediti
1584 2515 1771 2558 naves
1820 2498 2329 2573 conscenderent,
2364 2517 2489 2577 quo

357 2598 560 2676 major
587 2613 888 2656 numerus
917 2592 1195 2653 militum
1223 2595 1432 2672 posset
1460 2591 1723 2672 imponi,
1758 2593 2092 2674 omniaque
2121 2614 2199 2656 ex
2224 2594 2491 2656 victoria
2569 2608 2575 2612 ’

237 2697 314 2754 25
359 2695 422 2755 et
479 2713 557 2754 ex
609 2711 720 2752 sua
773 2689 1146 2751 liberalitate
1203 2690 1547 2768 sperarent,
1609 2689 2147 2751 conclamantibus
2196 2691 2491 2752 omnibus

358 2789 694 2868 imperaret
743 2786 912 2866 quod
958 2785 1168 2859 vellet,
1211 2784 1649 2864 quodcumque
1700 2784 2129 2865 imperavisset
2177 2806 2240 2848 se
2290 2805 2489 2867 aequo

357 2885 568 2946 animo
610 2901 737 2944 esse
781 2882 1077 2956 facturOS,
1113 2896 1172 2940 11
1200 2880 1366 2941 Non.
1404 2880 1451 2941 J
1451 2899 1551 2941 an.
1588 2900 1775 2942 naves
1816 2881 2018 2943 solvit.
2124 2883 2484 2963 Impositae,

357 2984 431 3042 ut
473 2999 661 3059 supra
689 2979 1190 3039 demonstratum
1232 2979 1345 3052 est,
1380 2976 1656 3057 legiones
1682 2993 1810 3038 VII.
1902 2976 2212 3040 Postridie
2254 2980 2491 3040 terram

359 3077 573 3158 attigit
632 3074 1118 3136 Germiniorum.
1225 3073 1387 3148 Saxa
1442 3073 1610 3136 inter
1665 3078 1730 3136 et
1784 3075 1906 3136 alia
1953 3074 2089 3137 loca
2142 3075 2493 3155 periculosa

237 3179 318 3238 30
359 3175 639 3256 quietam
693 3174 917 3232 nactus
972 3172 1308 3233 stationem
1357 3174 1422 3232 et
1477 3174 1698 3251 portus
1752 3191 1968 3233 omnes
2016 3172 2267 3247 timens,
2322 3173 2493 3252 quod

357 3270 560 3332 teneri
589 3270 667 3331 ab
696 3266 1060 3330 adversariis
1088 3267 1576 3344 arbitrabantur,
1610 3269 1691 3330 ad
1720 3288 1866 3330 eum
1894 3269 2106 3330 locum
2142 3267 2249 3348 qui
2278 3269 2492 3348 appel-

351 3369 610 3429 labatur
664 3365 964 3440 Palaeste,
1019 3363 1310 3425 omnibus
1365 3364 1629 3427 navibus
1684 3366 1765 3426 ad
1818 3385 2015 3427 unam
2068 3365 2493 3426 incolumibus

359 3463 593 3524 milites
642 3461 947 3542 exposuit.
995 3486 1000 3493 ·
1037 3460 1187 3522 VII.
1239 3461 1443 3521 Erant
1496 3460 1664 3523 Orici
1716 3461 2048 3522 Lucretius
2096 3459 2379 3540 Vespillo
2428 3447 2491 3522 et

361 3559 680 3620 Minucius
723 3558 928 3618 Rufus
969 3576 1116 3618 cum
1157 3555 1452 3618 Asiaticis
1492 3558 1756 3620 navibus
1798 3574 2005 3633 XVIII,
2046 3557 2273 3637 quibus
2315 3558 2487 3638 jussu

241 3657 318 3715 35
361 3653 441 3714 D.
479 3654 678 3714 Laelii
715 3656 1066 3732 praeerant,
1101 3653 1188 3713 M.
1227 3653 1494 3714 Bibulus
1535 3673 1682 3714 cum
1730 3654 1994 3716 navibus
2036 3670 2124 3715 ox
2161 3653 2485 3735 Corcyrae.

363 3747 488 3810 Sed
514 3767 717 3826 neque
746 3749 840 3808 illi
881 3747 1000 3809 sibi
1049 3749 1265 3810 confisi
1315 3769 1393 3812 ex
1439 3753 1629 3830 portu
1663 3750 1915 3832 prodire
1963 3753 2113 3812 sunt
2154 3751 2311 3831 ausi,
2344 3769 2493 3813 cum
