2734 4167
380 178 456 236 66
1130 173 1250 227 DE
1290 173 1554 227 BELLO
1602 173 1870 228 OIVILI

491 336 782 400 Cornelia
820 338 1267 413 recedendum,
1300 340 1378 399 ut
1418 338 1657 418 majore
1699 336 1903 417 spatio
1941 334 2247 417 temporis
2286 335 2639 419 interjecto

486 433 768 494 militum
795 437 1040 496 mentes
1069 437 1464 508 sanarentur,
1490 433 1702 508 simul,
1729 432 1780 494 si
1809 432 1965 513 quid
1992 432 2243 513 gravius
2270 432 2633 508 accidisset,

486 549 716 610 magna
743 530 1159 592 multitudine
1187 529 1449 590 navium
1493 533 1559 591 et
1599 529 1807 590 tutius
1849 532 1915 591 et
1955 528 2208 590 facilius
2242 528 2312 589 in
2342 528 2640 591 Siciliam

413 623 426 632 “
486 629 776 705 receptus
804 627 1078 688 daretur.
1169 625 1420 687 XXXI.
1473 625 1666 687 Curio
1705 630 2050 705 utrumque
2086 625 2452 733 improbans
2480 644 2639 687 0011-

406 724 444 782 5
486 720 721 797 811111111,
782 724 1098 802 quantum
1152 721 1336 783 alteri
1407 721 1755 784 sententiae
1812 721 2055 783 deesset
2115 720 2313 784 animi
2367 721 2638 783 tantum

483 816 667 879 alteri
723 836 1041 897 superesse
1097 816 1387 879 dicebat:
1442 817 1557 879 hos
1613 816 2013 897 turpissimae
2067 816 2259 897 fugae
2313 815 2638 878 rationem

483 913 734 990 habere,
766 915 909 976 illos
956 914 1152 977 etiam
1192 914 1414 995 iniquo
1443 915 1581 977 1000
1623 914 2059 976 dimicandum
2098 917 2342 994 putare.
2425 912 2639 987 Q“ua

485 1010 705 1086 enim,'
708 1010 1047 1092 'inquit,‘
1055 1010 1324 1073 ‘fiducia
1349 1014 1417 1073 et
1446 1030 1631 1091 opere
1674 1014 1739 1073 et
1779 1013 2010 1072 natura
2035 1009 2157 1072 1001
2200 1008 2636 1071 munitissima

482 1109 687 1169 038113
727 1106 1075 1187 expugnari
1117 1126 1294 1186 posse
1338 1106 1717 1168 confidimus
1744 1107 1773 1170 P
1852 1105 1990 1168 Aut
2018 1125 2163 1168 vero
2192 1105 2347 1186 quid
2374 1102 2636 1186 profici-

364 1205 442 1264 10
483 1223 646 1278 111118,
681 1202 733 1264 81
763 1206 1019 1282 accepto
1066 1222 1298 1284 magno
1328 1202 1712 1265 detrimento
1754 1204 1832 1264 ab
1875 1201 2346 1283 oppugnatione
2391 1204 2633 1263 castro-

484 1318 629 1360 rum
678 1298 1110 1361 discedimus?
1162 1298 1387 1373 ·Quasi
1436 1318 1568 1360 non
1616 1302 1680 1361 et
1721 1298 1993 1360 felicitas
2041 1317 2253 1359 rerum
2301 1300 2633 1378 gestarum

483 1394 794 1458 exercitus
821 1393 1327 1457 benevolentiam
1366 1394 1854 1476 imperatoribus
1896 1397 1962 1457 01
2001 1414 2099 1457 108
2143 1395 2435 1456 adversae
2479 1394 2633 1454 odia

482 1490 823 1571 colligant!
874 1490 1241 1552 Castrorum
1269 1494 1487 1553 autem
1515 1490 1788 1553 mutatio
1818 1490 1972 1573 quid
1999 1491 2191 1552 habet
2218 1489 2342 1552 nisi
2364 1493 2631 1569 turpem

482 1586 705 1667 fugam
734 1588 800 1647 et
828 1585 1327 1667 desperationem
1357 1585 1648 1648 omnium
1677 1590 1742 1648 et
1769 1585 2216 1650 alienationem
2258 1584 2573 1647 exercitus
2598 1585 2631 1646 ?

365 1683 440 1742 15
484 1681 548 1742 N
549 1701 653 1742 am
699 1700 903 1761 neque
952 1682 1262 1760 pudentes
1319 1681 1623 1760 suspicari
1679 1685 1929 1763 oportet
1977 1681 2096 1743 sibi
2143 1700 2371 1761 parum
2420 1680 2621 1755 credi,

480 1797 684 1857 neque
722 1776 1041 1858 improbos
1082 1776 1238 1839 scire
1280 1797 1411 1839 sese
1440 1777 1674 1853 timeri,
1707 1779 1877 1859 quod
1920 1777 2048 1839 illis
2074 1776 2400 1840 licentiam
2427 1776 2629 1838 timor

480 1877 707 1954 augeat
742 1877 974 1948 noster,
1008 1874 1108 1935 his
1149 1874 1362 1935 studia
1406 1875 1754 1936 deminuat.
1845 1875 2031 1950 Quod
2072 1874 2124 1936 81
2151 1874 2352 1956 ]“3111,”
2380 1873 2619 1954 inquit,

486 1971 700 2032 ((11300
755 1971 1075 2050 explorata
1123 1969 1465 2032 habeamus
1521 1991 1680 2051 quae
1737 1972 1814 2033 de
1872 1970 2181 2033 exercitus
2236 1968 2623 2033 alienatione

481 2067 803 2142 dicuntur,
838 2085 995 2147 quae
1037 2065 1295 2146 quidem
1338 2086 1454 2147 ego
1497 2069 1609 2128 aut
1650 2066 1909 2129 omnino
1936 2068 2096 2129 falsa
2138 2070 2250 2129 aut
2290 2070 2460 2129 certe
2500 2066 2624 2126 mi-

359 2167 439 2225 20
479 2183 634 2225 11013
662 2163 958 2242 opinione
987 2182 1117 2225 esse
1154 2163 1425 2239 confidO,
1460 2167 1697 2244 quanto
1725 2164 1880 2227 haec
1909 2163 2290 2226 dissimulari
2318 2166 2384 2225 et
2412 2164 2625 2226 occul-

479 2259 600 2321 tari
630 2279 821 2340 quam
848 2278 960 2338 per
986 2279 1101 2320 nos
1129 2259 1487 2321 confirmari
1517 2262 1845 2340 praestet?
1905 2259 2013 2321 An
2041 2280 2191 2335 non,
2213 2258 2314 2321 uti
2342 2258 2624 2339 corporis
2709 2301 2710 2304 κ

481 2358 761 2431 vulnera,
806 2356 900 2417 ita
948 2355 1260 2417 exercitus
1307 2355 1711 2418 incommoda
1758 2359 1910 2419 sunt
1958 2356 2251 2439 tegenda,
2307 2375 2388 2417 ne
2438 2374 2624 2435 spem

479 2451 845 2514 adversariis
873 2452 1267 2533 augeamus?
1346 2451 1440 2514 At
1468 2452 1662 2515 etiam
1703 2457 1780 2514 ut
1813 2454 2024 2516 media
2049 2456 2235 2514 nocte
2264 2449 2623 2532 proficisca-

479 2569 624 2610 mur
667 2549 935 2623 addunt,
990 2569 1114 2628 quo
1162 2549 1491 2630 majorem,
1547 2552 1753 2625 crede,
1807 2550 2132 2613 licentiam
2180 2550 2458 2612 habeant
2507 2551 2620 2630 qui

356 2648 434 2706 25
478 2665 733 2724 peccare
775 2648 1103 2722 conentur.
1195 2645 1488 2726 Namque
1517 2646 1887 2727 hujusmodi
1931 2667 2028 2708 res
2068 2649 2181 2707 aut
2221 2646 2462 2726 pudore
2505 2651 2621 2707 aut

478 2744 656 2802 metu
702 2744 1026 2816 tenentur,
1081 2741 1310 2821 quibus
1357 2743 1545 2804 rebus
1595 2762 1722 2802 nox
1771 2742 2045 2804 maxime
2094 2741 2448 2804 adversaria
2495 2745 2611 2804 081.

479 2836 685 2910 Quare
712 2857 917 2917 neque
939 2837 1106 2897 tanti
1136 2857 1277 2897 sum
1307 2837 1526 2912 animi,
1552 2842 1629 2899 ut
1657 2837 1793 2900 sine
1822 2858 1929 2918 spe
1958 2842 2162 2901 038113
2189 2840 2620 2919 oppugnanda
2705 2891 2706 2898 ,

478 2953 785 3009 censeam,
819 2952 1022 3012 neque
1050 2933 1216 2995 tanti
1245 2933 1513 3008 timoris,
1547 2938 1622 2996 ut
1664 2934 1796 3015 ipse
1826 2934 2138 3011 deficiam,
2172 2939 2359 3015 atque
2402 2936 2620 2998 omnia
2705 2930 2706 2956 l

475 3029 651 3110 prius
692 3028 1072 3109 experienda
1110 3029 1382 3090 arbitror
1430 3050 1783 3111 magnaque
1827 3050 1905 3093 ex
1944 3035 2132 3110 parte,
2165 3032 2299 3112 jam
2340 3051 2443 3093 me
2485 3052 2619 3095 una

358 3130 435 3187 30
476 3125 799 3188 vobiscum
828 3126 907 3187 de
935 3146 1001 3188 re
1030 3125 1349 3206 judicium
1376 3126 1703 3187 facturum
1747 3126 2067 3189 confid0.''
2152 3127 2436 3189 XXXII.
2499 3128 2617 3190 Di-

387 3271 393 3277 .
477 3222 665 3285 misso
713 3223 973 3285 consilio
1022 3222 1385 3285 contionem
1435 3225 1697 3286 advocat
1753 3223 2052 3285 militum.
2147 3222 2616 3287 Commemorat

477 3340 601 3400 quo
630 3320 712 3381 sit
740 3340 958 3381 eorum
987 3340 1138 3381 usus
1167 3321 1379 3381 studio
1421 3322 1503 3382 ad
1540 3307 1891 3383 Corfinium
1923 3319 2167 3395 Caesar,
2200 3322 2275 3380 ut
2316 3338 2615 3402 magnam

475 3419 723 3496 partem
791 3415 1013 3477 Italiae
1082 3416 1387 3478 beneficio
1449 3419 1638 3497 atque
1702 3415 2077 3478 auctoritate
2140 3434 2360 3478 eorum
2434 3435 2616 3478 suam

476 3511 720 3574 fecerit.
821 3512 1012 3574 “Vos
1061 3511 1231 3574 enim
1287 3516 1691 3593 vestrumque
1740 3514 1986 3575 factum
2041 3510 2320 3586 omnia,”
2376 3509 2608 3591 inquit,
2701 3558 2702 3578 1

356 3613 434 3669 35
483 3608 841 3689 “deinceps
869 3608 1217 3688 municipia
1245 3614 1395 3670 sunt
1424 3612 1659 3684 secuta,
1685 3628 1888 3689 neque
1919 3608 2051 3669 sine
2080 3626 2265 3669 causa
2292 3609 2358 3668 et
2389 3605 2615 3669 Caesar

476 3704 848 3766 amicissime
881 3706 959 3767 de
1000 3704 1176 3767 vobis
1218 3709 1284 3767 et
1323 3704 1421 3767 illi
1461 3705 1824 3786 gravissime
1868 3704 2334 3786 judicaverunt.
2426 3702 2611 3765 Pom-
