2734 4167
773 285 786 294 ·
825 219 1058 272 COMM.
1099 218 1217 272 ΙΙΙ.
1262 210 1913 272 GAR'XLV—XLIX.
2418 225 2495 286 9¹7

233 377 528 442 infirmos
554 380 764 443 hostes
791 381 997 443 adorti
1024 386 1136 443 aut
1176 381 1415 462 proelio
1442 386 1768 463 superatos
1794 386 1909 445 aut
1936 383 2149 464 aliqua
2176 383 2373 448 offen-

235 476 416 538 sione
471 481 789 557 permotos
843 478 1320 555 continuerunt,
1382 499 1531 541 611111
1584 479 1706 560 ipsi
1760 500 2027 542 numero
2082 480 2375 560 equitum

233 572 646 654 militumque
694 577 1128 656 praestarent3
1177 595 1364 638 661186
1412 579 1627 637 autem
1672 567 1991 638 obsidonis
2040 577 2196 639 11666
2242 576 2375 640 fere

235 688 368 731 esse
418 669 766 745 consuevit,
817 671 908 731 ut
939 671 1264 734 frumento
1311 672 1525 734 hostes
1571 673 2001 753 prohiberent.
2091 671 2183 733 At
2229 676 2375 736 tum

235 764 518 846 integras
565 768 754 847 atque
801 766 1172 829 incolumes·
1200 769 1411 848 copias
1458 767 1683 832 Caesar
1737 761 2036 830 ifffc'ffiore
2090 768 2375 830 militum
2456 775 2493 832 5

235 881 506 924 numero
534 863 923 940 continebat,
955 884 1104 932 cum
1132 864 1227 925 illi
1270 865 1561 926 omnium
1602 883 1817 926 rerum
1861 865 2045 946 copia
2090 867 2375 931 abunda·
2462 891 2469 896 ·

217 961 383 1020 'rent
407 981 426 1036 3
469 959 751 1039 quotidie
779 960 952 1023 enim
978 981 1246 1042 magnus
1272 962 1557 1042 undique
1591 961 1855 1026 navium
1895 936 2374 1028 ,1111111θῇ-
2406 959 2439 970 “’

234 1053 549 1130 veniebat,
583 1075 742 1136 quae
786 1061 1210 1120 commeatum
1249 1060 1718 1139 supportarent,
1766 1077 1969 1139 neque
2014 1059 2183 1120 ullus
2224 1059 2375 1121 flare

233 1156 466 1214 ventus
493 1156 763 1232 poterat,
791 1153 948 1234 quin
975 1154 1188 1234 aliqua
1213 1175 1292 1216 61
1319 1159 1501 1234 parte
1528 1155 1879 1218 secundum
1906 1175 2164 1217 cursum
2183 1155 2374 1217 habe-

235 1250 398 1311 rent.
491 1248 634 1329 Ipse
676 1253 891 1312 autem
935 1251 1330 1331 consumptis
1376 1252 1671 1314 omnibus
1713 1252 1901 1334 longe
1943 1253 2193 1332 lateque
2239 1252 2374 1312 fru-
2415 1255 2495 1314 10

235 1343 472 1406 mentis
500 1345 764 1406 summis
783 1346 976 1408 ''erat
956 1366 1026 1406 111
1054 1346 1381 1428 angustiis.
1473 1347 1596 1409 Sed
1622 1351 1841 1409 tamen
1869 1347 2025 1408 haec
2067 1346 2376 1427 singulari

237 1441 552 1550 patientia
593 1442 827 1505 milites
874 1443 1180 1506 ferebant.
1272 1445 1789 1506 Recordabantur
1835 1444 2007 1505 enim
2051 1444 2270 1506 eadem
2310 1464 2375 1506 se

237 1538 557 1618 superiore
612 1559 780 1600 anno
828 1539 898 1601 in
946 1540 1262 1621 Hispania
1313 1561 1635 1622 perpessos
1681 1541 1891 1602 labore
1947 1544 2011 1602 et
2064 1540 2375 1621 patientia

236 1634 591 1696 maximum
618 1635 856 1697 bellum
884 1636 1223 1700 confecisse
1252 1659 1271 1715 3
1312 1637 1736 1699 meminerant
1779 1637 1862 1698 ad
1888 1636 2171 1699 Alesiam
2198 1656 2375 1719 mag-

235 1750 388 1792 nam
435 1750 498 1792 se
541 1730 823 1811 inopiam
856 1752 1198 1813 perpessos,
1233 1735 1438 1795 multo
1480 1733 1674 1796 etiam
1704 1732 2011 1812 majorem
2040 1734 2123 1794 ad
2149 1733 2376 1795 Avari·
2417 1735 2495 1794 15

235 1847 410 1903 cum,
458 1827 879 1890 maximarum
933 1831 1225 1910 gentium
1268 1831 1535 1895 victores
1580 1829 1946 1892 discessisse.
2036 1830 2206 1907 Non,
2250 1830 2377 1892 illis
2474 1883 2479 1889 .

235 1923 551 1985 hordeum
605 1944 752 1986 611111
807 1926 1084 2001 daretur,
1144 1947 1275 1988 non
1322 1927 1648 2009 legumina
1706 1925 2129 2004 recusabant3
2184 1946 2377 2007 pecus

235 2040 405 2096 vere,-
439 2021 626 2101 cujus
653 2020 742 2082 rei
772 2041 1020 2083 summa
1047 2026 1181 2085 erat
1209 2043 1286 2084 61
1314 2023 1513 2104 Epiro
1543 2021 1745 2103 copia,
1774 2041 2009 2104 magno
2038 2021 2108 2083 in
2135 2021 2377 2085 honore

236 2117 574 2180 habebant.
665 2117 971 2180 XLVIII.
1023 2119 1142 2180 Est
1182 2119 1377 2182 etiam
1418 2139 1619 2200 genus
1659 2119 1891 2181 radicis
1931 2118 2269 2181 inventum
2296 2120 2377 2180 ab

236 2214 316 2276 iis
343 2213 455 2295 qui
482 2215 740 2276 fuerant
767 2214 837 2275 in
870 2215 1159 2291 vallibus,
1194 2217 1364 2296 quod
1402 2215 1762 2295 appellatur
1806 2215 2015 2290 chara,
2051 2214 2223 2296 quod
2267 2215 2375 2276 ad-
2416 2217 2497 2276 20

236 2311 516 2373 mixtum
569 2311 734 2373 lacte
787 2313 1067 2374 multum
1121 2312 1405 2393 inopiam
1452 2312 1718 2374 levabat.
1811 2311 1888 2371 Id
1944 2311 2027 2372 ad
2080 2310 2377 2372 similitu·

236 2409 458 2470 dinem
485 2406 668 2488 panis
695 2408 1068 2472 efficiebant.
1157 2409 1319 2490 Ejus
1363 2412 1499 2470 erat
1541 2427 1775 2489 magna
1820 2406 2019 2486 copia.
2111 2408 2211 2468 Ex
2253 2408 2377 2470 hoc

236 2505 496 2567 effectos
538 2523 752 2584 panes,
785 2525 934 2566 cum
982 2504 1054 2566 in
1100 2505 1427 2586 colloquiis
1458 2493 1830 2585 Pompeiani
1858 2504 2097 2565 famem
2144 2503 2377 2565 nostris

237 2603 653 2682 objectarent,
687 2602 877 2682 vulgo
915 2601 985 2663 in
1030 2621 1131 2664 eos
1158 2592 1499 2682 jaciebant,
1530 2604 1607 2662 ut
1650 2621 1825 2680 spem
1869 2619 2089 2662 eorum
2132 2600 2378 2662 minue-

235 2701 402 2760 rent.
493 2695 733 2759 XLIX.
789 2697 1066 2778 Jamque
1112 2698 1439 2759 frumenta
1492 2700 1912 2759 maturescere
1959 2695 2372 2776 incipiebant,
2416 2698 2497 2758 25

236 2797 430 2875 atque
459 2792 596 2873 ipsa
638 2813 776 2874 spes
824 2794 1106 2874 inopiam
1149 2795 1562 2870 sustentabat,
1598 2795 1769 2874 quod
1796 2793 2083 2856 celeriter
2109 2813 2174 2856 se
2201 2782 2379 2854 habi-

235 2893 418 2952 turos
446 2889 693 2970 copiam
725 2891 1164 2968 confidebant3
1199 2890 1571 2970 crebraeque
1599 2909 1781 2951 voces
1808 2889 2092 2950 militum
2120 2888 2190 2948 in
2219 2887 2378 2969 vigi-

235 2987 341 3050 liis
385 2985 834 3067 colloquiisque
872 2987 1314 3061 audiebantur,
1347 2985 1524 3066 prius
1553 3005 1616 3048 se
1659 2985 1889 3048 cortice
1932 3005 2009 3046 ex
2050 2984 2380 3046 arboribus

236 3084 518 3146 victuros
549 3101 740 3163 quam
769 3082 1147 3162 Pompeium
1188 3101 1221 3143 e
1263 3081 1559 3143 manibus
1588 3081 1972 3143 dimissuros.
2078 3080 2381 3142 Libenter

239 3178 436 3242 etiam
465 3197 541 3239 61
567 3179 852 3259 perfugis
881 3179 1341 3259 cognoscebant
1371 3197 1561 3258 equos
1589 3197 1808 3240 eorum
1835 3176 2113 3251 tolerari,
2140 3176 2381 3255 reliqua
2422 3177 2501 3236 30

237 3295 385 3338 vero
407 3275 702 3356 jumenta
728 3275 1016 3336 interisse
1041 3296 1059 3352 ;
1100 3274 1198 3336 uti
1229 3267 1445 3336 a'utem
1472 3273 1639 3353 ipsos
1666 3272 2029 3336 valetudine
2056 3291 2186 3331 non
2215 3270 2383 3331 bona

239 3365 391 3435 cum
419 3371 728 3452 angustiis
756 3372 880 3433 loci
909 3375 974 3434 et
1003 3373 1190 3433 odore
1213 3374 1419 3433 taetro
1449 3391 1525 3432 61
1554 3369 1970 3430 multitudine
2000 3368 2378 3429 cadaverum

239 3472 305 3531 et
334 3466 721 3575 quotidianis
747 3468 1066 3530 laboribus
1093 3467 1375 3529 insuetos
1405 3484 1687 3545 operum,
1722 3467 1867 3524 tum
1900 3481 2099 3559 aquae
2130 3477 2381 3522 summa

240 3563 460 3644 inopia
507 3563 784 3626 affectos,
878 3563 1110 3625 Omnia
1163 3563 1337 3625 enim
1385 3560 1655 3622 flumina
1702 3561 1893 3639 atque
1948 3575 2170 3618 omnes
2218 3552 2384 3615 rivos

242 3661 354 3742 qui
397 3660 480 3721 ad
519 3678 704 3734 mare
734 3658 1159 3741 pertinebant,
1195 3657 1423 3720 Caesar
1465 3659 1579 3718 aut
1626 3655 1937 3716 averterat
1974 3654 2089 3712 aut
2134 3644 2382 3728 magnis
2424 3644 2503 3704 35

243 3755 537 3837 operibus
581 3756 1000 3830 obstruxerat,
1053 3757 1241 3835 atque
1289 3755 1364 3813 ut
1413 3753 1595 3813 erant
1637 3749 1776 3826 loca
1816 3750 2153 3809 montuosa
2192 3743 2257 3803 et
2300 3739 2384 3798 ad
