2734 4167
642 234 872 287 COMM.
924 234 1042 287 III.
1099 234 1261 287 OAP.
1312 233 1823 286 XXXIII—XXX
1828 235 1957 289 VII.
2356 242 2424 309 91

168 397 447 478 peditius
475 398 733 473 faceret,
769 397 855 459 M.
880 397 1237 460 Favonium
1265 398 1347 459 ad
1374 398 1615 460 flumen
1645 397 2106 476 Aliacmonem,
2142 401 2313 480 quod

170 493 611 555 Macedoniam
653 514 690 554 a
719 493 1043 555 Thessalia
1071 493 1322 569 dividit,
1357 513 1507 555 cum
1549 493 1913 556 cohortibus
1957 513 2095 557 VIII
2137 516 2311 576 prae-

168 590 332 651 sidio
359 590 833 670 impedimentis
860 590 1188 671 legionum
1236 589 1498 672 reliquit
1543 592 1995 672 castellumque
2042 592 2131 653 ibi
2172 612 2313 653 mu-

165 688 292 748 niri
321 687 529 769 jussit.
621 688 863 750 Eodem
889 692 1174 768 tempore
1214 688 1536 769 equitatus
1564 688 1727 770 regis
1759 688 1974 771 Cotyis
2003 687 2083 750 ad
2112 692 2314 751 castra

169 783 342 846 Cassi
366 785 702 859 advolavit,
732 784 840 864 qui
869 784 1110 847 circum
1134 784 1528 846 Thessaliam
1556 804 1683 847 esse
1715 789 2063 847 consuerat.
2144 785 2313 847 Tum
2399 791 2431 847 5

163 881 395 943 timore
425 881 796 960 perterritus
828 881 1078 944 Cassius
1106 883 1363 965 cognito
1388 882 1705 963 Scipionis
1735 884 2010 946 adventu
2040 883 2312 964 visisque

164 977 490 1058 equitibus
548 997 702 1057 quos
753 976 1069 1057 Scipionis
1125 999 1252 1042 esse
1309 979 1754 1054 arbitrabatur,
1812 979 1891 1040 ad
1946 981 2194 1040 montes
2249 998 2312 1040 se

162 1073 482 1136 convertit
512 1073 623 1154 qui
653 1073 1041 1136 Thessaliam
1084 1075 1376 1157 cingunt,
1413 1083 1599 1156 atque
1629 1096 1705 1137 ex
1732 1075 1831 1136 his
1858 1075 2017 1137 locis
2044 1074 2312 1136 Ambra-

163 1170 331 1231 ciam
358 1189 574 1232 versus
605 1169 727 1241 iter
756 1171 960 1232 facere
1004 1171 1229 1251 coepit.
1320 1171 1412 1232 At
1459 1171 1823 1251 Scipionem
1865 1175 2311 1251 properantem

163 1267 344 1347 sequi
381 1266 632 1328 litterae
661 1269 811 1327 sunt
840 1271 1211 1345 consecutae
1241 1287 1277 1328 a
1307 1267 1395 1329 M.
1432 1267 1733 1343 Favoni0‚
1770 1267 2132 1329 Domitium
2163 1287 2311 1328 cum
2353 1270 2432 1329 10

159 1363 521 1444 legionibus
563 1363 775 1425 adesse
816 1383 1020 1444 neque
1051 1383 1115 1426 se
1142 1363 1558 1443 praesidium·
1555 1344 1685 1424 ubi
1721 1363 2109 1426 constitutus
2152 1367 2309 1426 esset

163 1460 301 1521 sine
347 1459 586 1520 auxilio
617 1458 931 1540 Scipionis
960 1462 1174 1522 tenere
1204 1480 1401 1540 posse.
1494 1459 1736 1535 Quibus
1763 1460 1997 1523 litteris
2035 1460 2310 1540 acceptis

161 1555 506 1616 consilium
537 1552 747 1636 Scipio
777 1555 1020 1636 iterque
1064 1559 1419 1617 commutat
1447 1577 1465 1634 3
1512 1555 1798 1617 Cassium
1829 1555 2006 1637 sequi
2036 1556 2302 1632 desistit,

162 1651 452 1713 Favonio
510 1652 813 1713 au’xilium
875 1652 1039 1714 ferre
1097 1651 1449 1715 contendit.
1566 1653 1789 1733 Itaque
1840 1651 1942 1715 die
1997 1673 2069 1714 ac
2124 1656 2310 1714 nocte

162 1748 550 1809 continuato
580 1747 804 1811 itinere
835 1750 916 1810 ad
945 1768 1093 1810 eum
1120 1749 1412 1829 pervenit
1438 1751 1573 1810 tam
1616 1752 1976 1829 opportuno
1990 1753 2303 1831 tempore,
2353 1753 2430 1812 15

160 1847 239 1906 ut
296 1844 492 1907 simul
542 1844 901 1906 Domitiani
959 1846 1274 1907 exercitus
1323 1845 1532 1926 pulvis
1588 1850 1948 1909 cerneretur
2003 1850 2066 1908 et
2116 1846 2311 1927 primi

162 1945 601 2003 antecursores
630 1942 945 2021 Scipionis
975 1942 1360 2003 viderentur.
1452 1943 1555 2003 Ita
1584 1943 1796 2004 Cassio
1838 1940 2162 2004 industria
2183 1943 2310 2005 Do-

160 2039 357 2113 mitii,
379 2038 660 2099 Favonio
685 2038 999 2118 Scipionis
1028 2039 1312 2100 celeritas
1341 2039 1609 2100 salutem
1638 2039 1878 2100 attulit.
1955 2039 2301 2102 XXXVII.

163 2136 382 2216 Scipio
409 2135 682 2197 biduum
712 2137 931 2198 castris
960 2136 1207 2199 stativis
1236 2139 1520 2198 moratus
1555 2137 1636 2198 ad
1664 2136 1903 2198 fiumen
1934 2136 2102 2216 quod
2143 2136 2313 2198 inter

159 2254 312 2296 eum
343 2237 409 2296 et
439 2233 712 2294 Domitii
742 2237 945 2295 castra
972 2234 1230 2309 fluebat,
1263 2233 1723 2309 Aliacmonem,
1756 2233 1945 2296 tertio
1974 2234 2075 2295 die
2105 2235 2312 2313 prima
2352 2239 2430 2297 20

157 2332 303 2393 luce
350 2330 700 2392 exercitum
747 2331 908 2392 vado
938 2330 1233 2408 *traducit
1277 2333 1340 2402 et
1391 2329 1610 2392 castris
1658 2330 1882 2411 positis
1930 2333 2179 2410 postero
2208 2331 2309 2393 die

156 2446 351 2490 mane
410 2426 623 2506 copias
672 2430 818 2488 ante
866 2428 1150 2488 frontem
1207 2431 1558 2489 castrorum
1613 2426 1895 2488 instruit.
1987 2426 2310 2489 Domitius

156 2528 307 2587 tum
357 2543 609 2604 quoque
660 2522 780 2584 sibi
830 2523 1259 2585 dubitandum
1311 2543 1443 2583 non
1484 2523 1759 2603 putavit,
1795 2523 1952 2604 quin
1981 2524 2308 2603 productis

154 2619 526 2703 legionibus
554 2619 792 2700 proelio
822 2622 1186 2684 decertaret.
1278 2620 1403 2682 Sed
1432 2639 1579 2681 cum
1608 2623 1767 2709 esset
1795 2619 1963 2681 inter
1992 2619 2140 2680 bina
2181 2640 2309 2682 cas-

152 2721 260 2780 tra
311 2735 580 2795 campus
629 2715 879 2778 circiter
927 2717 1182 2777 milium
1225 2736 1530 2796 passuum
1579 2732 1676 2791 VI,
1712 2715 2034 2777 Domitius
2090 2717 2307 2778 castris
2349 2722 2427 2780 25

155 2813 486 2895 Scipionis
531 2812 731 2873 aciem
782 2833 961 2874 suam
1011 2814 1323 2894 subjecit3
1367 2812 1474 2874 ille
1524 2833 1560 2873 a
1607 2813 1769 2874 16110
1818 2832 1949 2873 non
1992 2812 2307 2876 discedere

151 2908 606 2992 perseveravit.
697 2907 793 2969 Ac
831 2912 1047 2971 tamen
1077 2930 1256 2990 aegre
1285 2908 1548 2995 retentis
1579 2908 1964 2969 Domitianis
1994 2908 2306 2972 militibus

152 3011 251 3070 est
279 3009 540 3068 factum
584 3024 666 3066 ne
695 3005 934 3085 proelio
986 3007 1496 3080 contenderetur‚
1525 3009 1588 3066 et
1617 3005 1890 3066 maxime
1920 3005 2088 3085 quod
2132 3008 2302 3068 rivus

154 3102 532 3166 difficilibus
562 3100 715 3180 ripis
744 3102 1065 3182 subjectus
1087 3103 1305 3163 castris
1336 3100 1649 3181 Scipionis
1676 3120 2036 3182 progressus
2063 3106 2305 3163 nostro-

151 3221 304 3262 rum
329 3197 740 3279 impediebat.
807 3198 1091 3273 Quorum
1122 3199 1410 3260 studium
1439 3198 1952 3279 alacritatemque
1973 3198 2304 3278 pugnandi
2349 3204 2426 3260 30

153 3316 308 3359 611111
363 3293 760 3374 cognovisset
790 3293 1021 3374 Scipio,
1070 3295 1420 3375 suspicatus
1468 3295 1604 3356 sore
1651 3297 1727 3354 111
1773 3297 2019 3373 postero
2050 3294 2150 3354 die
2192 3296 2304 3355 aut

152 3392 408 3453 invitus
438 3389 743 3452 dimicare
762 3395 1100 3473 cogeretur
1127 3393 1238 3452 aut
1266 3398 1498 3472 magna
1525 3410 1671 3451 cum
1700 3388 1967 3450 infamia
1994 3389 2212 3450 castris
2240 3408 2303 3451 se

155 3488 546 3561 contineret,
603 3486 712 3568 qui
754 3508 985 3569 magna
1029 3508 1176 3549 cum
1220 3438 1681 3567 exspectatione
1726 3486 2017 3560 venisset,
2072 3488 2304 3547 temere

152 3603 534 3666 progressus
562 3573 814 3690 turpem
859 3584 1086 3645 habuit
1131 3584 1376 3645 exitum
1422 3585 1486 3644 et
1529 3585 1726 3643 noctu
1769 3602 1851 3643 ne
1896 3580 2304 3643 conclamatis

157 3682 429 3765 quidem
457 3679 623 3741 vasis
649 3680 889 3742 flumen
918 3680 1149 3742 transit
1177 3684 1364 3760 atque
1394 3680 1464 3740 in
1506 3679 1771 3740 eandem
1801 3681 2047 3758 partem
2076 3696 2152 3738 ex
2180 3696 2304 3755 qua
2347 3679 2424 3737 35

154 3779 427 3844 venerat
468 3775 639 3837 redit
685 3775 899 3857 ibique
940 3784 1147 3857 prope·
1164 3777 1405 3839 flumen
1434 3775 1603 3836 edito
1647 3777 1878 3835 natura
1919 3773 2056 3834 loco
2102 3773 2305 3833 castra
