<?xml version="1.0" encoding="UTF-8"?>
<!DOCTYPE html PUBLIC "-//W3C//DTD XHTML 1.0 Transitional//EN"
    "http://www.w3.org/TR/xhtml1/DTD/xhtml1-transitional.dtd">
<html xmlns="http://www.w3.org/1999/xhtml" xml:lang="en" lang="en">
 <head>
  <title>
</title>
<meta http-equiv="Content-Type" content="text/html;charset=utf-8" />
  <meta name='ocr-system' content='tesseract 3.04.00' />
  <meta name='ocr-capabilities' content='ocr_page ocr_carea ocr_par ocr_line ocrx_word'/>
</head>
<body>
  <div class='ocr_page' id='page_1' title='image "./cjuliicaesarisd00perrgoog_0119.png"; bbox 0 0 2734 4167; ppageno 0'>
   <div class='ocr_carea' id='block_1_1' title="bbox 252 226 1746 293">
    <p class='ocr_par' dir='ltr' id='par_1_1' title="bbox 252 226 1746 293">
     <span class='ocr_line' id='line_1_1' title="bbox 252 226 1746 293; baseline -0.001 -14"><span class='ocrx_word' id='word_1_1' title='bbox 252 235 368 293; x_wconf 89' lang='lat'>108</span> <span class='ocrx_word' id='word_1_2' title='bbox 1009 227 1128 279; x_wconf 77' lang='lat' dir='ltr'>DE</span> <span class='ocrx_word' id='word_1_3' title='bbox 1165 226 1434 280; x_wconf 75' lang='lat' dir='ltr'><em>BELLO</em></span> <span class='ocrx_word' id='word_1_4' title='bbox 1480 226 1746 280; x_wconf 74' lang='lat' dir='ltr'><em>CIVJLJ</em></span> 
     </span>
    </p>
   </div>
   <div class='ocr_carea' id='block_1_2' title="bbox 367 349 2503 763">
    <p class='ocr_par' dir='ltr' id='par_1_2' title="bbox 367 349 2503 763">
     <span class='ocr_line' id='line_1_2' title="bbox 369 349 2503 474; baseline -0 -18"><span class='ocrx_word' id='word_1_5' title='bbox 369 391 663 456; x_wconf 80' lang='lat' dir='ltr'>vicissent</span> <span class='ocrx_word' id='word_1_6' title='bbox 702 411 749 452; x_wconf 91' lang='lat' dir='ltr'>n</span> <span class='ocrx_word' id='word_1_7' title='bbox 1016 393 1079 454; x_wconf 82' lang='lat' dir='ltr'>la</span> <span class='ocrx_word' id='word_1_8' title='bbox 1117 349 1530 455; x_wconf 72' lang='lat' dir='ltr'>commutatio</span> <span class='ocrx_word' id='word_1_9' title='bbox 1572 411 1783 455; x_wconf 90' lang='lat' dir='ltr'>rerum</span> <span class='ocrx_word' id='word_1_10' title='bbox 1811 388 2018 472; x_wconf 86' lang='lat' dir='ltr'>posset</span> <span class='ocrx_word' id='word_1_11' title='bbox 2057 392 2355 469; x_wconf 88' lang='lat' dir='ltr'>accidere,</span> <span class='ocrx_word' id='word_1_12' title='bbox 2388 412 2503 474; x_wconf 91' lang='lat' dir='ltr'>per</span> 
     </span>
     <span class='ocr_line' id='line_1_3' title="bbox 368 487 2501 569; baseline 0 -18"><span class='ocrx_word' id='word_1_13' title='bbox 368 489 583 551; x_wconf 91' lang='lat' dir='ltr'>orbem</span> <span class='ocrx_word' id='word_1_14' title='bbox 611 490 675 549; x_wconf 89' lang='lat' dir='ltr'>te</span> <span class='ocrx_word' id='word_1_15' title='bbox 948 488 1123 550; x_wconf 78' lang='lat' dir='ltr'>fama</span> <span class='ocrx_word' id='word_1_16' title='bbox 1162 508 1235 550; x_wconf 89' lang='lat' dir='ltr'>ac</span> <span class='ocrx_word' id='word_1_17' title='bbox 1261 489 1492 550; x_wconf 88' lang='lat' dir='ltr'>litteris</span> <span class='ocrx_word' id='word_1_18' title='bbox 1532 487 1862 551; x_wconf 79' lang='lat' dir='ltr'>victoriam</span> <span class='ocrx_word' id='word_1_19' title='bbox 1902 489 2042 569; x_wconf 85' lang='lat' dir='ltr'>ejus</span> <span class='ocrx_word' id='word_1_20' title='bbox 2069 489 2196 552; x_wconf 88' lang='lat' dir='ltr'>diei</span> <span class='ocrx_word' id='word_1_21' title='bbox 2223 490 2501 552; x_wconf 89' lang='lat' dir='ltr'>concele-</span> 
     </span>
     <span class='ocr_line' id='line_1_4' title="bbox 367 393 2503 763; baseline 0.001 -117"><span class='ocrx_word' id='word_1_22' title='bbox 367 393 1053 763; x_wconf 54' lang='lat' dir='ltr'>brabffi.</span> <span class='ocrx_word' id='word_1_23' title='bbox 1106 583 1330 646; x_wconf 86' lang='lat' dir='ltr'>Caesar</span> <span class='ocrx_word' id='word_1_24' title='bbox 1370 604 1409 645; x_wconf 90' lang='lat' dir='ltr'>a</span> <span class='ocrx_word' id='word_1_25' title='bbox 1448 583 1873 664; x_wconf 90' lang='lat' dir='ltr'>superioribus</span> <span class='ocrx_word' id='word_1_26' title='bbox 1899 586 2175 671; x_wconf 77' lang='lat' dir='ltr'>consiliis</span> <span class='ocrx_word' id='word_1_27' title='bbox 2202 587 2281 648; x_wconf 91' lang='lat' dir='ltr'>de</span> <span class='ocrx_word' id='word_1_28' title='bbox 2325 587 2503 648; x_wconf 88' lang='grc'><strong>1118118</strong></span> 
     </span>
    </p>
   </div>
   <div class='ocr_carea' id='block_1_3' title="bbox 98 650 2503 763">
    <p class='ocr_par' dir='ltr' id='par_1_3' title="bbox 98 650 2503 763">
     <span class='ocr_line' id='line_1_5' title="bbox 98 650 2503 763; baseline 0.001 -20"><span class='ocrx_word' id='word_1_29' title='bbox 98 734 107 743; x_wconf 68' lang='lat'>.</span> <span class='ocrx_word' id='word_1_30' title='bbox 184 650 275 711; x_wconf 37' lang='grc' dir='ltr'>’ἶ</span> <span class='ocrx_word' id='word_1_31' title='bbox 368 701 519 743; x_wconf 87' lang='grc'><strong>011111</strong></span> <span class='ocrx_word' id='word_1_32' title='bbox 738 680 1299 743; x_wconf 86' lang='lat' dir='ltr'>icommutandam</span> <span class='ocrx_word' id='word_1_33' title='bbox 1318 682 1468 744; x_wconf 89' lang='lat' dir='ltr'>belli</span> <span class='ocrx_word' id='word_1_34' title='bbox 1488 682 1797 761; x_wconf 56' lang='lat' dir='ltr'>rationem</span> <span class='ocrx_word' id='word_1_35' title='bbox 1817 681 2219 745; x_wconf 80' lang='lat' dir='ltr'>existimavit.</span> <span class='ocrx_word' id='word_1_36' title='bbox 2277 683 2503 763; x_wconf 89' lang='lat' dir='ltr'>Itaque</span> 
     </span>
    </p>
   </div>
   <div class='ocr_carea' id='block_1_4' title="bbox 288 777 2586 1053">
    <p class='ocr_par' dir='ltr' id='par_1_4' title="bbox 288 777 2586 1053">
     <span class='ocr_line' id='line_1_6' title="bbox 288 777 2503 861; baseline 0 -21"><span class='ocrx_word' id='word_1_37' title='bbox 288 783 325 840; x_wconf 82' lang='lat'><strong>5</strong></span> <span class='ocrx_word' id='word_1_38' title='bbox 368 797 497 838; x_wconf 89' lang='lat' dir='ltr'>uno</span> <span class='ocrx_word' id='word_1_39' title='bbox 545 780 826 856; x_wconf 81' lang='lat' dir='ltr'>tempore</span> <span class='ocrx_word' id='word_1_40' title='bbox 874 777 1198 857; x_wconf 83' lang='lat' dir='ltr'>praesidiis</span> <span class='ocrx_word' id='word_1_41' title='bbox 1246 777 1539 839; x_wconf 88' lang='lat' dir='ltr'>omnibus</span> <span class='ocrx_word' id='word_1_42' title='bbox 1586 779 1875 840; x_wconf 89' lang='lat' dir='ltr'>deductis</span> <span class='ocrx_word' id='word_1_43' title='bbox 1914 781 1980 842; x_wconf 92' lang='lat' dir='ltr'>et</span> <span class='ocrx_word' id='word_1_44' title='bbox 2028 779 2503 861; x_wconf 73' lang='lat' dir='ltr'>oppugnatione</span> 
     </span>
     <span class='ocr_line' id='line_1_7' title="bbox 367 872 2586 955; baseline 0 -20"><span class='ocrx_word' id='word_1_45' title='bbox 367 872 623 935; x_wconf 87' lang='lat' dir='ltr'>dimissa</span> <span class='ocrx_word' id='word_1_46' title='bbox 663 876 1000 953; x_wconf 86' lang='lat' dir='ltr'>coactoque</span> <span class='ocrx_word' id='word_1_47' title='bbox 1028 872 1098 934; x_wconf 90' lang='lat' dir='ltr'>in</span> <span class='ocrx_word' id='word_1_48' title='bbox 1137 875 1581 936; x_wconf 88' lang='grc'><strong>11111111110011111</strong></span> <span class='ocrx_word' id='word_1_49' title='bbox 1621 875 1900 937; x_wconf 87' lang='lat' dir='ltr'>exercitu</span> <span class='ocrx_word' id='word_1_50' title='bbox 1942 875 2302 938; x_wconf 91' lang='lat' dir='ltr'>contionem</span> <span class='ocrx_word' id='word_1_51' title='bbox 2329 875 2504 955; x_wconf 89' lang='lat' dir='ltr'>apud</span> <span class='ocrx_word' id='word_1_52' title='bbox 2579 913 2586 920; x_wconf 93' lang='lat'>-</span> 
     </span>
     <span class='ocr_line' id='line_1_8' title="bbox 365 968 2504 1053; baseline 0.001 -23"><span class='ocrx_word' id='word_1_53' title='bbox 365 968 600 1031; x_wconf 79' lang='lat' dir='ltr'>milites</span> <span class='ocrx_word' id='word_1_54' title='bbox 628 968 853 1030; x_wconf 91' lang='lat' dir='ltr'>habuit</span> <span class='ocrx_word' id='word_1_55' title='bbox 881 969 1294 1051; x_wconf 76' lang='lat' dir='ltr'>hortatusque</span> <span class='ocrx_word' id='word_1_56' title='bbox 1320 973 1415 1032; x_wconf 91' lang='lat' dir='ltr'>est</span> <span class='ocrx_word' id='word_1_57' title='bbox 1441 991 1523 1033; x_wconf 91' lang='lat' dir='ltr'>ne</span> <span class='ocrx_word' id='word_1_58' title='bbox 1549 990 1622 1032; x_wconf 90' lang='lat' dir='ltr'>ea</span> <span class='ocrx_word' id='word_1_59' title='bbox 1643 990 1801 1051; x_wconf 91' lang='lat' dir='ltr'>quae</span> <span class='ocrx_word' id='word_1_60' title='bbox 1828 971 2201 1034; x_wconf 88' lang='lat' dir='ltr'>accidissent</span> <span class='ocrx_word' id='word_1_61' title='bbox 2227 971 2504 1053; x_wconf 83' lang='lat' dir='ltr'>graviter</span> 
     </span>
    </p>
   </div>
   <div class='ocr_carea' id='block_1_5' title="bbox 114 1065 2670 1175">
    <p class='ocr_par' dir='ltr' id='par_1_5' title="bbox 114 1065 2670 1175">
     <span class='ocr_line' id='line_1_9' title="bbox 114 1065 2670 1175; baseline 0.001 -48"><span class='ocrx_word' id='word_1_62' title='bbox 114 1112 125 1127; x_wconf 83' lang='lat'>.</span> <span class='ocrx_word' id='word_1_63' title='bbox 198 1144 205 1153; x_wconf 27' lang='grc' dir='ltr'><strong>ι</strong></span> <span class='ocrx_word' id='word_1_64' title='bbox 262 1082 293 1149; x_wconf 73' lang='lat' dir='ltr'><em>s</em></span> <span class='ocrx_word' id='word_1_65' title='bbox 365 1066 625 1140; x_wconf 77' lang='lat' dir='ltr'>ferrent,</span> <span class='ocrx_word' id='word_1_66' title='bbox 658 1085 813 1128; x_wconf 83' lang='lat' dir='ltr'>neve</span> <span class='ocrx_word' id='word_1_67' title='bbox 841 1065 942 1127; x_wconf 89' lang='lat' dir='ltr'>his</span> <span class='ocrx_word' id='word_1_68' title='bbox 967 1067 1151 1130; x_wconf 91' lang='lat' dir='ltr'>rebus</span> <span class='ocrx_word' id='word_1_69' title='bbox 1178 1070 1585 1143; x_wconf 87' lang='lat' dir='ltr'>terrerentur,</span> <span class='ocrx_word' id='word_1_70' title='bbox 1619 1067 1980 1148; x_wconf 22' lang='lat' dir='ltr'>multisque.</span> <span class='ocrx_word' id='word_1_71' title='bbox 2004 1069 2295 1130; x_wconf 86' lang='lat' dir='ltr'>secundis</span> <span class='ocrx_word' id='word_1_72' title='bbox 2322 1076 2555 1175; x_wconf 60' lang='lat' dir='ltr'>Prqfiij</span> <span class='ocrx_word' id='word_1_73' title='bbox 2571 1098 2624 1139; x_wconf 37' lang='lat'>12</span> <span class='ocrx_word' id='word_1_74' title='bbox 2637 1114 2670 1143; x_wconf 33' lang='grc' dir='ltr'>,ἢ</span> 
     </span>
    </p>
   </div>
   <div class='ocr_carea' id='block_1_6' title="bbox 206 1154 2688 2208">
    <p class='ocr_par' dir='ltr' id='par_1_6' title="bbox 206 1154 2688 1727">
     <span class='ocr_line' id='line_1_10' title="bbox 206 1154 2680 1244; baseline 0.003 -25"><span class='ocrx_word' id='word_1_75' title='bbox 206 1204 227 1227; x_wconf 80' lang='grc'>.,</span> <span class='ocrx_word' id='word_1_76' title='bbox 308 1162 470 1233; x_wconf 49' lang='lat' dir='ltr'>„aliis</span> <span class='ocrx_word' id='word_1_77' title='bbox 497 1181 702 1222; x_wconf 89' lang='lat' dir='ltr'>unum</span> <span class='ocrx_word' id='word_1_78' title='bbox 730 1163 1061 1224; x_wconf 81' lang='lat' dir='ltr'>adversum</span> <span class='ocrx_word' id='word_1_79' title='bbox 1089 1165 1154 1225; x_wconf 90' lang='lat' dir='ltr'>et</span> <span class='ocrx_word' id='word_1_80' title='bbox 1180 1161 1249 1224; x_wconf 91' lang='lat' dir='ltr'>id</span> <span class='ocrx_word' id='word_1_81' title='bbox 1276 1163 1589 1226; x_wconf 84' lang='lat' dir='ltr'>mediocre</span> <span class='ocrx_word' id='word_1_82' title='bbox 1626 1162 2032 1244; x_wconf 86' lang='lat' dir='ltr'>opponerent.</span> <span class='ocrx_word' id='word_1_83' title='bbox 2124 1164 2504 1244; x_wconf 86' lang='lat' dir='ltr'>Habendam</span> <span class='ocrx_word' id='word_1_84' title='bbox 2545 1162 2584 1211; x_wconf 54' lang='grc' dir='ltr'>ἦ</span> <span class='ocrx_word' id='word_1_85' title='bbox 2639 1154 2680 1235; x_wconf 68' lang='lat'>{-</span> 
     </span>
     <span class='ocr_line' id='line_1_11' title="bbox 245 1215 2662 1351; baseline -0.002 -30"><span class='ocrx_word' id='word_1_86' title='bbox 245 1263 326 1321; x_wconf 91' lang='grc'>10</span> <span class='ocrx_word' id='word_1_87' title='bbox 365 1259 661 1320; x_wconf 78' lang='lat' dir='ltr'>fortunae</span> <span class='ocrx_word' id='word_1_88' title='bbox 688 1259 979 1340; x_wconf 85' lang='lat' dir='ltr'>gratiam,</span> <span class='ocrx_word' id='word_1_89' title='bbox 1007 1260 1178 1340; x_wconf 92' lang='lat' dir='ltr'>quod</span> <span class='ocrx_word' id='word_1_90' title='bbox 1206 1259 1459 1321; x_wconf 86' lang='lat' dir='ltr'>Italiam</span> <span class='ocrx_word' id='word_1_91' title='bbox 1488 1260 1621 1322; x_wconf 91' lang='lat' dir='ltr'>sine</span> <span class='ocrx_word' id='word_1_92' title='bbox 1648 1248 2138 1349; x_wconf 39' lang='lat' dir='ltr'>alifiae-„vulnere</span> <span class='ocrx_word' id='word_1_93' title='bbox 2164 1261 2572 1351; x_wconf 30' lang='lat' dir='ltr'>cepissentfff-</span> <span class='ocrx_word' id='word_1_94' title='bbox 2589 1215 2662 1307; x_wconf 57' lang='lat'>⁸3}</span> 
     </span>
     <span class='ocr_line' id='line_1_12' title="bbox 371 1348 2688 1437; baseline 0.001 -20"><span class='ocrx_word' id='word_1_95' title='bbox 371 1357 539 1436; x_wconf 90' lang='lat' dir='ltr'>quod</span> <span class='ocrx_word' id='word_1_96' title='bbox 568 1357 724 1417; x_wconf 86' lang='lat' dir='ltr'>duas</span> <span class='ocrx_word' id='word_1_97' title='bbox 746 1355 1087 1436; x_wconf 82' lang='lat' dir='ltr'>Hispanias</span> <span class='ocrx_word' id='word_1_98' title='bbox 1104 1352 1718 1419; x_wconf 86' lang='lat' dir='ltr'>bellicosissimorum</span> <span class='ocrx_word' id='word_1_99' title='bbox 1745 1356 2080 1418; x_wconf 88' lang='lat' dir='ltr'>hominum</span> <span class='ocrx_word' id='word_1_100' title='bbox 2107 1356 2503 1437; x_wconf 87' lang='lat' dir='ltr'>peritissimis</span> <span class='ocrx_word' id='word_1_101' title='bbox 2548 1362 2554 1367; x_wconf 79' lang='grc'><strong><em>’</em></strong></span> <span class='ocrx_word' id='word_1_102' title='bbox 2591 1348 2688 1417; x_wconf 53' lang='grc'>’13</span> 
     </span>
     <span class='ocr_line' id='line_1_13' title="bbox 367 1452 2503 1534; baseline 0.001 -21"><span class='ocrx_word' id='word_1_103' title='bbox 367 1455 555 1532; x_wconf 87' lang='lat' dir='ltr'>atque</span> <span class='ocrx_word' id='word_1_104' title='bbox 611 1452 1142 1515; x_wconf 85' lang='lat' dir='ltr'>exercitatissimis</span> <span class='ocrx_word' id='word_1_105' title='bbox 1191 1453 1460 1516; x_wconf 91' lang='lat' dir='ltr'>ducibus</span> <span class='ocrx_word' id='word_1_106' title='bbox 1490 1452 1925 1533; x_wconf 83' lang='lat' dir='ltr'>-pacavissent,</span> <span class='ocrx_word' id='word_1_107' title='bbox 1980 1453 2150 1534; x_wconf 89' lang='lat' dir='ltr'>quod</span> <span class='ocrx_word' id='word_1_108' title='bbox 2198 1452 2503 1516; x_wconf 83' lang='lat' dir='ltr'>finitimas</span> 
     </span>
     <span class='ocr_line' id='line_1_14' title="bbox 364 1549 2503 1632; baseline 0.001 -22"><span class='ocrx_word' id='word_1_109' title='bbox 364 1550 934 1630; x_wconf 79' lang='lat' dir='ltr'>frumentariasque</span> <span class='ocrx_word' id='word_1_110' title='bbox 961 1549 1313 1630; x_wconf 82' lang='lat' dir='ltr'>provincias</span> <span class='ocrx_word' id='word_1_111' title='bbox 1355 1549 1425 1611; x_wconf 91' lang='lat' dir='ltr'>in</span> <span class='ocrx_word' id='word_1_112' title='bbox 1452 1552 1828 1630; x_wconf 85' lang='lat' dir='ltr'>potestatem</span> <span class='ocrx_word' id='word_1_113' title='bbox 1855 1550 2238 1632; x_wconf 87' lang='lat' dir='ltr'>redegissent</span> <span class='ocrx_word' id='word_1_114' title='bbox 2266 1571 2285 1628; x_wconf 91' lang='lat'>;</span> <span class='ocrx_word' id='word_1_115' title='bbox 2328 1551 2503 1612; x_wconf 90' lang='lat' dir='ltr'>deni-</span> 
     </span>
     <span class='ocr_line' id='line_1_15' title="bbox 367 1645 2504 1727; baseline 0.001 -21"><span class='ocrx_word' id='word_1_116' title='bbox 367 1665 487 1726; x_wconf 90' lang='lat' dir='ltr'>que</span> <span class='ocrx_word' id='word_1_117' title='bbox 515 1645 825 1707; x_wconf 88' lang='lat' dir='ltr'>recordari</span> <span class='ocrx_word' id='word_1_118' title='bbox 855 1646 1077 1709; x_wconf 88' lang='lat' dir='ltr'>debere</span> <span class='ocrx_word' id='word_1_119' title='bbox 1105 1666 1230 1727; x_wconf 88' lang='lat' dir='ltr'>qua</span> <span class='ocrx_word' id='word_1_120' title='bbox 1248 1645 1555 1709; x_wconf 76' lang='lat' dir='ltr'>felicitate</span> <span class='ocrx_word' id='word_1_121' title='bbox 1582 1646 1751 1708; x_wconf 89' lang='lat' dir='ltr'>inter</span> <span class='ocrx_word' id='word_1_122' title='bbox 1777 1647 2014 1708; x_wconf 88' lang='lat' dir='ltr'>medias</span> <span class='ocrx_word' id='word_1_123' title='bbox 2040 1646 2322 1708; x_wconf 88' lang='lat' dir='ltr'>hostium</span> <span class='ocrx_word' id='word_1_124' title='bbox 2349 1647 2504 1709; x_wconf 85' lang='lat' dir='ltr'>clas-</span> 
     </span>
    </p>

    <p class='ocr_par' dir='ltr' id='par_1_7' title="bbox 244 1741 2634 2208">
     <span class='ocr_line' id='line_1_16' title="bbox 244 1741 2634 1822; baseline 0.003 -19"><span class='ocrx_word' id='word_1_125' title='bbox 244 1745 323 1804; x_wconf 82' lang='lat'>-15</span> <span class='ocrx_word' id='word_1_126' title='bbox 367 1761 480 1817; x_wconf 92' lang='lat' dir='ltr'>ses,</span> <span class='ocrx_word' id='word_1_127' title='bbox 515 1741 783 1821; x_wconf 90' lang='lat' dir='ltr'>oppletis</span> <span class='ocrx_word' id='word_1_128' title='bbox 823 1761 954 1802; x_wconf 89' lang='lat' dir='ltr'>non</span> <span class='ocrx_word' id='word_1_129' title='bbox 994 1743 1200 1804; x_wconf 91' lang='lat' dir='ltr'>solum</span> <span class='ocrx_word' id='word_1_130' title='bbox 1226 1742 1535 1822; x_wconf 88' lang='lat' dir='ltr'>portibus,</span> <span class='ocrx_word' id='word_1_131' title='bbox 1569 1743 1677 1804; x_wconf 92' lang='lat' dir='ltr'>sed</span> <span class='ocrx_word' id='word_1_132' title='bbox 1717 1743 1913 1804; x_wconf 90' lang='lat' dir='ltr'>etiam</span> <span class='ocrx_word' id='word_1_133' title='bbox 1939 1742 2250 1818; x_wconf 88' lang='lat' dir='ltr'>litoribus,</span> <span class='ocrx_word' id='word_1_134' title='bbox 2286 1762 2506 1805; x_wconf 87' lang='lat' dir='ltr'>omnes</span> <span class='ocrx_word' id='word_1_135' title='bbox 2563 1772 2574 1779; x_wconf 57' lang='lat'>.</span> <span class='ocrx_word' id='word_1_136' title='bbox 2627 1806 2634 1809; x_wconf 25' lang='lat' dir='ltr'>i</span> 
     </span>
     <span class='ocr_line' id='line_1_17' title="bbox 365 1837 2504 1919; baseline 0.001 -21"><span class='ocrx_word' id='word_1_137' title='bbox 365 1838 712 1900; x_wconf 85' lang='lat' dir='ltr'>incolumes</span> <span class='ocrx_word' id='word_1_138' title='bbox 760 1841 966 1900; x_wconf 89' lang='lat' dir='ltr'>essent</span> <span class='ocrx_word' id='word_1_139' title='bbox 1006 1838 1435 1919; x_wconf 86' lang='lat' dir='ltr'>transportati.</span> <span class='ocrx_word' id='word_1_140' title='bbox 1527 1837 1596 1900; x_wconf 84' lang='lat' dir='ltr'>Si</span> <span class='ocrx_word' id='word_1_141' title='bbox 1645 1858 1777 1900; x_wconf 90' lang='lat' dir='ltr'>non</span> <span class='ocrx_word' id='word_1_142' title='bbox 1818 1838 2031 1900; x_wconf 86' lang='lat' dir='ltr'>omnia</span> <span class='ocrx_word' id='word_1_143' title='bbox 2073 1839 2369 1901; x_wconf 88' lang='lat' dir='ltr'>caderent</span> <span class='ocrx_word' id='word_1_144' title='bbox 2410 1858 2504 1901; x_wconf 90' lang='lat' dir='ltr'>se-</span> 
     </span>
     <span class='ocr_line' id='line_1_18' title="bbox 365 1933 2505 2011; baseline -0 -14"><span class='ocrx_word' id='word_1_145' title='bbox 365 1936 594 2011; x_wconf 87' lang='lat' dir='ltr'>cunda,</span> <span class='ocrx_word' id='word_1_146' title='bbox 648 1936 974 1996; x_wconf 81' lang='lat' dir='ltr'>fortunam</span> <span class='ocrx_word' id='word_1_147' title='bbox 1015 1954 1142 1997; x_wconf 91' lang='lat' dir='ltr'>esse</span> <span class='ocrx_word' id='word_1_148' title='bbox 1191 1934 1507 1997; x_wconf 87' lang='lat' dir='ltr'>industria</span> <span class='ocrx_word' id='word_1_149' title='bbox 1554 1936 2019 1998; x_wconf 81' lang='lat' dir='ltr'>sublevandam.</span> <span class='ocrx_word' id='word_1_150' title='bbox 2112 1933 2295 2009; x_wconf 80' lang='lat' dir='ltr'>Quod</span> <span class='ocrx_word' id='word_1_151' title='bbox 2343 1938 2505 1996; x_wconf 90' lang='lat' dir='ltr'>esset</span> 
     </span>
     <span class='ocr_line' id='line_1_19' title="bbox 366 2031 2594 2121; baseline 0 -29"><span class='ocrx_word' id='word_1_152' title='bbox 366 2035 698 2111; x_wconf 89' lang='lat' dir='ltr'>acceptum</span> <span class='ocrx_word' id='word_1_153' title='bbox 727 2031 1114 2108; x_wconf 91' lang='lat' dir='ltr'>detrimenti,</span> <span class='ocrx_word' id='word_1_154' title='bbox 1151 2031 1431 2121; x_wconf 71' lang='lat' dir='ltr'>cujusvis</span> <span class='ocrx_word' id='word_1_155' title='bbox 1457 2031 1684 2119; x_wconf 71' lang='lat' dir='ltr'>potius</span> <span class='ocrx_word' id='word_1_156' title='bbox 1726 2051 1917 2117; x_wconf 86' lang='lat' dir='ltr'>quam</span> <span class='ocrx_word' id='word_1_157' title='bbox 1958 2050 2103 2119; x_wconf 77' lang='lat' dir='ltr'>suae</span> <span class='ocrx_word' id='word_1_158' title='bbox 2146 2031 2376 2117; x_wconf 57' lang='lat' dir='ltr'>culpgffi</span> <span class='ocrx_word' id='word_1_159' title='bbox 2394 2031 2503 2092; x_wconf 91' lang='lat' dir='ltr'>de·</span> <span class='ocrx_word' id='word_1_160' title='bbox 2587 2086 2594 2093; x_wconf 94' lang='lat'>.</span> 
     </span>
     <span class='ocr_line' id='line_1_20' title="bbox 367 2112 2496 2208; baseline 0 -19"><span class='ocrx_word' id='word_1_161' title='bbox 367 2128 511 2190; x_wconf 91' lang='lat' dir='ltr'>bere</span> <span class='ocrx_word' id='word_1_162' title='bbox 567 2128 781 2189; x_wconf 89' lang='lat' dir='ltr'>tribui.</span> <span class='ocrx_word' id='word_1_163' title='bbox 873 2128 1115 2190; x_wconf 90' lang='lat' dir='ltr'>Locum</span> <span class='ocrx_word' id='word_1_164' title='bbox 1142 2112 1259 2190; x_wconf 41' lang='lat' dir='ltr'>*se*</span> <span class='ocrx_word' id='word_1_165' title='bbox 1288 2114 1560 2208; x_wconf 65' lang='lat' dir='ltr'>aequum</span> <span class='ocrx_word' id='word_1_166' title='bbox 1608 2128 1690 2189; x_wconf 90' lang='lat' dir='ltr'>ad</span> <span class='ocrx_word' id='word_1_167' title='bbox 1744 2128 2178 2189; x_wconf 83' lang='lat' dir='ltr'>dimicandum</span> <span class='ocrx_word' id='word_1_168' title='bbox 2233 2126 2496 2203; x_wconf 89' lang='lat' dir='ltr'>dedisse,</span> 
     </span>
    </p>
   </div>
   <div class='ocr_carea' id='block_1_7' title="bbox 146 2225 2534 2307">
    <p class='ocr_par' dir='ltr' id='par_1_8' title="bbox 146 2225 2534 2307">
     <span class='ocr_line' id='line_1_21' title="bbox 146 2225 2534 2307; baseline -0.002 -18"><span class='ocrx_word' id='word_1_169' title='bbox 146 2266 185 2295; x_wconf 62' lang='lat'>2.</span> <span class='ocrx_word' id='word_1_170' title='bbox 246 2230 326 2288; x_wconf 77' lang='lat'>20</span> <span class='ocrx_word' id='word_1_171' title='bbox 367 2225 649 2306; x_wconf 87' lang='lat' dir='ltr'>potitum</span> <span class='ocrx_word' id='word_1_172' title='bbox 677 2245 804 2288; x_wconf 88' lang='lat' dir='ltr'>esse</span> <span class='ocrx_word' id='word_1_173' title='bbox 833 2225 1115 2288; x_wconf 88' lang='lat' dir='ltr'>hostium</span> <span class='ocrx_word' id='word_1_174' title='bbox 1142 2225 1384 2301; x_wconf 88' lang='lat' dir='ltr'>castris,</span> <span class='ocrx_word' id='word_1_175' title='bbox 1415 2225 1726 2307; x_wconf 83' lang='lat' dir='ltr'>expulisse</span> <span class='ocrx_word' id='word_1_176' title='bbox 1753 2244 1825 2295; x_wconf 78' lang='lat' dir='ltr'>ac</span> <span class='ocrx_word' id='word_1_177' title='bbox 1868 2244 2185 2305; x_wconf 86' lang='lat' dir='ltr'>superasse</span> <span class='ocrx_word' id='word_1_178' title='bbox 2213 2243 2534 2304; x_wconf 78' lang='lat' dir='ltr'>Pugnan--</span> 
     </span>
    </p>
   </div>
   <div class='ocr_carea' id='block_1_8' title="bbox 212 2319 2734 3847">
    <p class='ocr_par' dir='ltr' id='par_1_9' title="bbox 367 2319 2720 2402">
     <span class='ocr_line' id='line_1_22' title="bbox 367 2319 2720 2402; baseline -0 -19"><span class='ocrx_word' id='word_1_179' title='bbox 367 2325 478 2384; x_wconf 81' lang='lat' dir='ltr'>tes,</span> <span class='ocrx_word' id='word_1_180' title='bbox 571 2321 693 2384; x_wconf 86' lang='lat' dir='ltr'>Sed</span> <span class='ocrx_word' id='word_1_181' title='bbox 749 2321 878 2385; x_wconf 82' lang='lat' dir='ltr'>sive</span> <span class='ocrx_word' id='word_1_182' title='bbox 925 2321 1208 2401; x_wconf 87' lang='lat' dir='ltr'>ipsorum</span> <span class='ocrx_word' id='word_1_183' title='bbox 1257 2321 1649 2401; x_wconf 88' lang='lat' dir='ltr'>perturbatio</span> <span class='ocrx_word' id='word_1_184' title='bbox 1698 2319 1826 2382; x_wconf 82' lang='lat' dir='ltr'>sive</span> <span class='ocrx_word' id='word_1_185' title='bbox 1874 2340 2045 2382; x_wconf 90' lang='lat' dir='ltr'>error</span> <span class='ocrx_word' id='word_1_186' title='bbox 2091 2319 2317 2400; x_wconf 87' lang='lat' dir='ltr'>aliquis</span> <span class='ocrx_word' id='word_1_187' title='bbox 2373 2320 2505 2383; x_wconf 82' lang='lat' dir='ltr'>sive</span> <span class='ocrx_word' id='word_1_188' title='bbox 2591 2388 2597 2393; x_wconf 61' lang='grc'><em>,</em></span> <span class='ocrx_word' id='word_1_189' title='bbox 2713 2397 2720 2402; x_wconf 13' lang='grc' dir='ltr'>δ</span> 
     </span>
    </p>

    <p class='ocr_par' dir='ltr' id='par_1_10' title="bbox 371 2414 2503 2499">
     <span class='ocr_line' id='line_1_23' title="bbox 371 2414 2503 2499; baseline -0.002 -18"><span class='ocrx_word' id='word_1_190' title='bbox 371 2418 564 2481; x_wconf 87' lang='lat' dir='ltr'>etiam</span> <span class='ocrx_word' id='word_1_191' title='bbox 603 2418 865 2479; x_wconf 78' lang='lat' dir='ltr'>fortuna</span> <span class='ocrx_word' id='word_1_192' title='bbox 905 2421 1153 2498; x_wconf 88' lang='lat' dir='ltr'>partam</span> <span class='ocrx_word' id='word_1_193' title='bbox 1193 2419 1327 2499; x_wconf 85' lang='lat' dir='ltr'>jam</span> <span class='ocrx_word' id='word_1_194' title='bbox 1369 2420 1881 2497; x_wconf 84' lang='lat' dir='ltr'>praesentemque</span> <span class='ocrx_word' id='word_1_195' title='bbox 1927 2414 2259 2478; x_wconf 80' lang='lat' dir='ltr'>victoriam</span> <span class='ocrx_word' id='word_1_196' title='bbox 2306 2415 2503 2478; x_wconf 87' lang='lat' dir='ltr'>inter-</span> 
     </span>
    </p>

    <p class='ocr_par' dir='ltr' id='par_1_11' title="bbox 246 2512 2499 2605">
     <span class='ocr_line' id='line_1_24' title="bbox 246 2512 2499 2605; baseline -0.001 -29"><span class='ocrx_word' id='word_1_197' title='bbox 246 2590 265 2605; x_wconf 25' lang='lat'>&amp;</span> <span class='ocrx_word' id='word_1_198' title='bbox 371 2515 745 2596; x_wconf 85' lang='lat' dir='ltr'>pellavisset,</span> <span class='ocrx_word' id='word_1_199' title='bbox 793 2514 1069 2591; x_wconf 64' lang='lat' dir='ltr'>dmi-dam</span> <span class='ocrx_word' id='word_1_200' title='bbox 1112 2513 1406 2575; x_wconf 91' lang='lat' dir='ltr'>omnibus</span> <span class='ocrx_word' id='word_1_201' title='bbox 1454 2533 1727 2593; x_wconf 90' lang='lat' dir='ltr'>operam,</span> <span class='ocrx_word' id='word_1_202' title='bbox 1768 2515 1843 2573; x_wconf 90' lang='lat' dir='ltr'>ut</span> <span class='ocrx_word' id='word_1_203' title='bbox 1883 2515 2214 2592; x_wconf 89' lang='lat' dir='ltr'>acceptum</span> <span class='ocrx_word' id='word_1_204' title='bbox 2260 2512 2499 2574; x_wconf 91' lang='lat' dir='ltr'>incom-</span> 
     </span>
    </p>

    <p class='ocr_par' dir='ltr' id='par_1_12' title="bbox 212 2608 2630 2695">
     <span class='ocr_line' id='line_1_25' title="bbox 212 2608 2630 2695; baseline 0.001 -26"><span class='ocrx_word' id='word_1_205' title='bbox 212 2628 247 2695; x_wconf 38' lang='lat' dir='ltr'>g.</span> <span class='ocrx_word' id='word_1_206' title='bbox 288 2609 321 2669; x_wconf 65' lang='lat'>¹1.</span> <span class='ocrx_word' id='word_1_207' title='bbox 340 2636 349 2657; x_wconf 69' lang='grc' dir='ltr'>ι</span> <span class='ocrx_word' id='word_1_208' title='bbox 371 2612 634 2672; x_wconf 90' lang='lat' dir='ltr'>modum</span> <span class='ocrx_word' id='word_1_209' title='bbox 682 2609 919 2672; x_wconf 81' lang='lat' dir='ltr'>virtute</span> <span class='ocrx_word' id='word_1_210' title='bbox 967 2609 1318 2672; x_wconf 90' lang='lat' dir='ltr'>sarciretur.</span> <span class='ocrx_word' id='word_1_211' title='bbox 1412 2608 1595 2684; x_wconf 81' lang='lat' dir='ltr'>Quod</span> <span class='ocrx_word' id='word_1_212' title='bbox 1644 2608 1695 2671; x_wconf 89' lang='lat' dir='ltr'>si</span> <span class='ocrx_word' id='word_1_213' title='bbox 1745 2612 1904 2671; x_wconf 89' lang='lat' dir='ltr'>esset</span> <span class='ocrx_word' id='word_1_214' title='bbox 1951 2609 2214 2684; x_wconf 79' lang='lat' dir='ltr'>factum,</span> <span class='ocrx_word' id='word_1_215' title='bbox 2249 2609 2385 2671; x_wconf 77' lang='lat' dir='ltr'>sore</span> <span class='ocrx_word' id='word_1_216' title='bbox 2426 2613 2506 2671; x_wconf 91' lang='lat' dir='ltr'>ut</span> <span class='ocrx_word' id='word_1_217' title='bbox 2623 2678 2630 2689; x_wconf 28' lang='lat'>¹</span> 
     </span>
    </p>

    <p class='ocr_par' dir='ltr' id='par_1_13' title="bbox 245 2665 2734 2889">
     <span class='ocr_line' id='line_1_26' title="bbox 245 2665 2734 2889; baseline -0 -121"><span class='ocrx_word' id='word_1_218' title='bbox 245 2710 325 2769; x_wconf 79' lang='lat'>25</span> <span class='ocrx_word' id='word_1_219' title='bbox 368 2705 823 2769; x_wconf 88' lang='lat' dir='ltr'>detrimentum</span> <span class='ocrx_word' id='word_1_220' title='bbox 850 2706 921 2767; x_wconf 92' lang='lat' dir='ltr'>in</span> <span class='ocrx_word' id='word_1_221' title='bbox 942 2707 1182 2768; x_wconf 91' lang='lat' dir='ltr'>bonum</span> <span class='ocrx_word' id='word_1_222' title='bbox 1209 2708 1499 2780; x_wconf 83' lang='lat' dir='ltr'>verteret,</span> <span class='ocrx_word' id='word_1_223' title='bbox 1527 2705 1625 2766; x_wconf 92' lang='lat' dir='ltr'>uti</span> <span class='ocrx_word' id='word_1_224' title='bbox 1646 2706 1728 2766; x_wconf 87' lang='lat' dir='ltr'>ad</span> <span class='ocrx_word' id='word_1_225' title='bbox 1752 2704 2122 2786; x_wconf 83' lang='lat' dir='ltr'>Gergoviam</span> <span class='ocrx_word' id='word_1_226' title='bbox 2151 2665 2734 2889; x_wconf 43' lang='lat' dir='ltr'>accidisset,093Xv</span> 
     </span>
     <span class='ocr_line' id='line_1_27' title="bbox 369 2801 2734 2884; baseline -0.001 -20"><span class='ocrx_word' id='word_1_227' title='bbox 369 2806 557 2884; x_wconf 86' lang='lat' dir='ltr'>atque</span> <span class='ocrx_word' id='word_1_228' title='bbox 599 2802 655 2865; x_wconf 93' lang='lat' dir='ltr'>ei</span> <span class='ocrx_word' id='word_1_229' title='bbox 699 2803 808 2883; x_wconf 92' lang='lat' dir='ltr'>qui</span> <span class='ocrx_word' id='word_1_230' title='bbox 836 2805 983 2864; x_wconf 85' lang='lat' dir='ltr'>ante</span> <span class='ocrx_word' id='word_1_231' title='bbox 1011 2801 1310 2864; x_wconf 81' lang='lat' dir='ltr'>dimicare</span> <span class='ocrx_word' id='word_1_232' title='bbox 1337 2801 1701 2864; x_wconf 89' lang='lat' dir='ltr'>timuissent</span> <span class='ocrx_word' id='word_1_233' title='bbox 1740 2801 1910 2862; x_wconf 86' lang='lat' dir='ltr'>ultro</span> <span class='ocrx_word' id='word_1_234' title='bbox 1952 2821 2015 2864; x_wconf 93' lang='lat' dir='ltr'>se</span> <span class='ocrx_word' id='word_1_235' title='bbox 2042 2801 2279 2881; x_wconf 88' lang='lat' dir='ltr'>proelio</span> <span class='ocrx_word' id='word_1_236' title='bbox 2321 2803 2504 2864; x_wconf 82' lang='lat' dir='ltr'>offer·</span> <span class='ocrx_word' id='word_1_237' title='bbox 2671 2838 2702 2883; x_wconf 80' lang='lat'>.·</span> <span class='ocrx_word' id='word_1_238' title='bbox 2731 2832 2734 2837; x_wconf 91' lang='lat'>·</span> 
     </span>
    </p>

    <p class='ocr_par' dir='ltr' id='par_1_14' title="bbox 262 2875 2706 3172">
     <span class='ocr_line' id='line_1_28' title="bbox 262 2875 2706 2993; baseline 0 -33"><span class='ocrx_word' id='word_1_239' title='bbox 262 2942 269 2949; x_wconf 85' lang='lat'><em>-</em></span> <span class='ocrx_word' id='word_1_240' title='bbox 368 2903 528 2962; x_wconf 89' lang='lat' dir='ltr'>rent.</span> <span class='ocrx_word' id='word_1_241' title='bbox 619 2898 921 2960; x_wconf 89' lang='lat' dir='ltr'><strong>LXXIV.</strong></span> <span class='ocrx_word' id='word_1_242' title='bbox 973 2898 1113 2960; x_wconf 88' lang='lat' dir='ltr'>Hac</span> <span class='ocrx_word' id='word_1_243' title='bbox 1160 2897 1380 2959; x_wconf 86' lang='lat' dir='ltr'>habita</span> <span class='ocrx_word' id='word_1_244' title='bbox 1433 2897 1725 2961; x_wconf 90' lang='lat' dir='ltr'>contione</span> <span class='ocrx_word' id='word_1_245' title='bbox 1779 2898 2117 2959; x_wconf 88' lang='lat' dir='ltr'>nonnullos</span> <span class='ocrx_word' id='word_1_246' title='bbox 2172 2875 2512 2984; x_wconf 61' lang='lat' dir='ltr'>signffidd</span> <span class='ocrx_word' id='word_1_247' title='bbox 2525 2896 2660 2993; x_wconf 52' lang='lat'>33:⁴⁹</span> <span class='ocrx_word' id='word_1_248' title='bbox 2685 2976 2706 2989; x_wconf 65' lang='lat'><em>‚</em></span> 
     </span>
     <span class='ocr_line' id='line_1_29' title="bbox 334 2990 2640 3087; baseline 0 -32"><span class='ocrx_word' id='word_1_249' title='bbox 334 2995 718 3077; x_wconf 59' lang='lat' dir='ltr'>,ignominia</span> <span class='ocrx_word' id='word_1_250' title='bbox 762 2994 1012 3075; x_wconf 80' lang='lat' dir='ltr'>notavit</span> <span class='ocrx_word' id='word_1_251' title='bbox 1050 3014 1123 3056; x_wconf 92' lang='lat' dir='ltr'>ac</span> <span class='ocrx_word' id='word_1_252' title='bbox 1163 2994 1301 3055; x_wconf 89' lang='lat' dir='ltr'>loco</span> <span class='ocrx_word' id='word_1_253' title='bbox 1343 2994 1561 3056; x_wconf 84' lang='lat' dir='ltr'>movit.</span> <span class='ocrx_word' id='word_1_254' title='bbox 1652 2993 1979 3056; x_wconf 89' lang='lat' dir='ltr'>Exercitui</span> <span class='ocrx_word' id='word_1_255' title='bbox 2020 2994 2278 3075; x_wconf 91' lang='lat' dir='ltr'>quidem</span> <span class='ocrx_word' id='word_1_256' title='bbox 2327 2995 2504 3056; x_wconf 86' lang='lat' dir='ltr'>omni</span> <span class='ocrx_word' id='word_1_257' title='bbox 2525 2990 2640 3087; x_wconf 30' lang='grc' dir='ltr'>ἦέ</span> 
     </span>
     <span class='ocr_line' id='line_1_30' title="bbox 366 3082 2590 3172; baseline -0 -18"><span class='ocrx_word' id='word_1_258' title='bbox 366 3096 586 3155; x_wconf 91' lang='lat' dir='ltr'>tantus</span> <span class='ocrx_word' id='word_1_259' title='bbox 625 3092 881 3154; x_wconf 87' lang='lat' dir='ltr'>incessit</span> <span class='ocrx_word' id='word_1_260' title='bbox 921 3111 997 3154; x_wconf 87' lang='lat' dir='ltr'>ex</span> <span class='ocrx_word' id='word_1_261' title='bbox 1026 3091 1425 3153; x_wconf 91' lang='lat' dir='ltr'>incommodo</span> <span class='ocrx_word' id='word_1_262' title='bbox 1454 3092 1633 3153; x_wconf 90' lang='lat' dir='ltr'>dolor</span> <span class='ocrx_word' id='word_1_263' title='bbox 1659 3093 2038 3172; x_wconf 88' lang='lat' dir='ltr'>tantumque</span> <span class='ocrx_word' id='word_1_264' title='bbox 2078 3091 2365 3153; x_wconf 89' lang='lat' dir='ltr'>studium</span> <span class='ocrx_word' id='word_1_265' title='bbox 2406 3092 2504 3153; x_wconf 91' lang='lat' dir='ltr'>in-</span> <span class='ocrx_word' id='word_1_266' title='bbox 2555 3082 2590 3129; x_wconf 57' lang='lat' dir='ltr'>l*</span> 
     </span>
    </p>

    <p class='ocr_par' dir='ltr' id='par_1_15' title="bbox 247 3185 2504 3560">
     <span class='ocr_line' id='line_1_31' title="bbox 247 3185 2503 3264; baseline -0.001 -11"><span class='ocrx_word' id='word_1_267' title='bbox 247 3193 328 3253; x_wconf 85' lang='lat'>30</span> <span class='ocrx_word' id='word_1_268' title='bbox 367 3185 598 3252; x_wconf 76' lang='lat' dir='ltr'>famiae</span> <span class='ocrx_word' id='word_1_269' title='bbox 661 3188 1035 3264; x_wconf 89' lang='lat' dir='ltr'>sarciendae,</span> <span class='ocrx_word' id='word_1_270' title='bbox 1098 3191 1172 3249; x_wconf 89' lang='lat' dir='ltr'>ut</span> <span class='ocrx_word' id='word_1_271' title='bbox 1225 3208 1413 3250; x_wconf 90' lang='lat' dir='ltr'>nemo</span> <span class='ocrx_word' id='word_1_272' title='bbox 1482 3191 1594 3249; x_wconf 89' lang='lat' dir='ltr'>aut</span> <span class='ocrx_word' id='word_1_273' title='bbox 1647 3187 1892 3249; x_wconf 89' lang='lat' dir='ltr'>tribuni</span> <span class='ocrx_word' id='word_1_274' title='bbox 1947 3191 2058 3250; x_wconf 88' lang='lat' dir='ltr'>aut</span> <span class='ocrx_word' id='word_1_275' title='bbox 2114 3187 2503 3251; x_wconf 85' lang='lat' dir='ltr'>centurionis</span> 
     </span>
     <span class='ocr_line' id='line_1_32' title="bbox 367 3283 2500 3365; baseline -0 -19"><span class='ocrx_word' id='word_1_276' title='bbox 367 3285 707 3365; x_wconf 89' lang='lat' dir='ltr'>imperium</span> <span class='ocrx_word' id='word_1_277' title='bbox 736 3284 1114 3346; x_wconf 91' lang='lat' dir='ltr'>desideraret</span> <span class='ocrx_word' id='word_1_278' title='bbox 1154 3287 1218 3346; x_wconf 88' lang='lat' dir='ltr'>et</span> <span class='ocrx_word' id='word_1_279' title='bbox 1259 3283 1377 3344; x_wconf 92' lang='lat' dir='ltr'>sibi</span> <span class='ocrx_word' id='word_1_280' title='bbox 1407 3283 1671 3365; x_wconf 90' lang='lat' dir='ltr'>quisque</span> <span class='ocrx_word' id='word_1_281' title='bbox 1712 3283 1906 3346; x_wconf 87' lang='lat' dir='ltr'>etiam</span> <span class='ocrx_word' id='word_1_282' title='bbox 1933 3303 2167 3363; x_wconf 90' lang='lat' dir='ltr'>poenae</span> <span class='ocrx_word' id='word_1_283' title='bbox 2193 3284 2331 3345; x_wconf 94' lang='grc'><strong>1000</strong></span> <span class='ocrx_word' id='word_1_284' title='bbox 2358 3304 2500 3364; x_wconf 91' lang='lat' dir='ltr'>gra—</span> 
     </span>
     <span class='ocr_line' id='line_1_33' title="bbox 366 3372 2504 3462; baseline -0.002 -16"><span class='ocrx_word' id='word_1_285' title='bbox 366 3384 566 3446; x_wconf 83' lang='lat' dir='ltr'>viores</span> <span class='ocrx_word' id='word_1_286' title='bbox 588 3372 941 3462; x_wconf 87' lang='lat' dir='ltr'>imponeret</span> <span class='ocrx_word' id='word_1_287' title='bbox 967 3381 1226 3455; x_wconf 86' lang='lat' dir='ltr'>labores,</span> <span class='ocrx_word' id='word_1_288' title='bbox 1249 3381 1562 3461; x_wconf 85' lang='lat' dir='ltr'>simulque</span> <span class='ocrx_word' id='word_1_289' title='bbox 1590 3400 1806 3442; x_wconf 87' lang='lat' dir='ltr'>omnes</span> <span class='ocrx_word' id='word_1_290' title='bbox 1834 3381 2123 3442; x_wconf 89' lang='lat' dir='ltr'>arderent</span> <span class='ocrx_word' id='word_1_291' title='bbox 2151 3379 2504 3460; x_wconf 84' lang='lat' dir='ltr'>cupiditate</span> 
     </span>
     <span class='ocr_line' id='line_1_34' title="bbox 369 3476 2503 3560; baseline -0.001 -19"><span class='ocrx_word' id='word_1_292' title='bbox 369 3479 720 3560; x_wconf 88' lang='lat' dir='ltr'>pugnandi,</span> <span class='ocrx_word' id='word_1_293' title='bbox 762 3498 923 3559; x_wconf 59' lang='lat' dir='ltr'>gum</span> <span class='ocrx_word' id='word_1_294' title='bbox 977 3476 1313 3556; x_wconf 86' lang='lat' dir='ltr'>superioris</span> <span class='ocrx_word' id='word_1_295' title='bbox 1366 3477 1561 3538; x_wconf 88' lang='lat' dir='ltr'>etiam</span> <span class='ocrx_word' id='word_1_296' title='bbox 1616 3476 1855 3539; x_wconf 90' lang='lat' dir='ltr'>ordinis</span> <span class='ocrx_word' id='word_1_297' title='bbox 1909 3476 2202 3537; x_wconf 88' lang='lat' dir='ltr'>nonnulli</span> <span class='ocrx_word' id='word_1_298' title='bbox 2257 3477 2503 3538; x_wconf 90' lang='lat' dir='ltr'>ratione</span> 
     </span>
    </p>

    <p class='ocr_par' dir='ltr' id='par_1_16' title="bbox 246 3558 2505 3654">
     <span class='ocr_line' id='line_1_35' title="bbox 246 3558 2505 3654; baseline -0.001 -19"><span class='ocrx_word' id='word_1_299' title='bbox 246 3558 255 3567; x_wconf 59' lang='grc'><strong><em>’</em></strong></span> <span class='ocrx_word' id='word_1_300' title='bbox 366 3574 637 3654; x_wconf 88' lang='lat' dir='ltr'>permoti</span> <span class='ocrx_word' id='word_1_301' title='bbox 688 3562 1075 3635; x_wconf 80' lang='lat' dir='ltr'>manendum</span> <span class='ocrx_word' id='word_1_302' title='bbox 1124 3593 1196 3635; x_wconf 94' lang='lat' dir='ltr'>eo</span> <span class='ocrx_word' id='word_1_303' title='bbox 1228 3573 1366 3635; x_wconf 91' lang='lat' dir='ltr'>loco</span> <span class='ocrx_word' id='word_1_304' title='bbox 1408 3575 1473 3635; x_wconf 89' lang='lat' dir='ltr'>et</span> <span class='ocrx_word' id='word_1_305' title='bbox 1513 3592 1650 3635; x_wconf 91' lang='lat' dir='ltr'>rem·</span> <span class='ocrx_word' id='word_1_306' title='bbox 1694 3572 1931 3653; x_wconf 86' lang='lat' dir='ltr'>proelio</span> <span class='ocrx_word' id='word_1_307' title='bbox 1979 3571 2505 3634; x_wconf 89' lang='lat' dir='ltr'>committendam</span> 
     </span>
    </p>

    <p class='ocr_par' dir='ltr' id='par_1_17' title="bbox 249 3660 2506 3847">
     <span class='ocr_line' id='line_1_36' title="bbox 249 3660 2506 3749; baseline -0.001 -18"><span class='ocrx_word' id='word_1_308' title='bbox 249 3673 327 3731; x_wconf 88' lang='lat'>35</span> <span class='ocrx_word' id='word_1_309' title='bbox 369 3669 819 3731; x_wconf 86' lang='lat' dir='ltr'>existimarent.</span> <span class='ocrx_word' id='word_1_310' title='bbox 912 3668 1147 3731; x_wconf 84' lang='lat' dir='ltr'>Contra</span> <span class='ocrx_word' id='word_1_311' title='bbox 1188 3688 1261 3731; x_wconf 90' lang='lat' dir='ltr'>ea</span> <span class='ocrx_word' id='word_1_312' title='bbox 1303 3669 1528 3732; x_wconf 85' lang='lat' dir='ltr'>Caesar</span> <span class='ocrx_word' id='word_1_313' title='bbox 1570 3687 1774 3749; x_wconf 90' lang='lat' dir='ltr'>neque</span> <span class='ocrx_word' id='word_1_314' title='bbox 1820 3668 1971 3730; x_wconf 88' lang='lat' dir='ltr'>satis</span> <span class='ocrx_word' id='word_1_315' title='bbox 2012 3660 2322 3729; x_wconf 89' lang='lat' dir='ltr'>militibus</span> <span class='ocrx_word' id='word_1_316' title='bbox 2362 3686 2506 3747; x_wconf 49' lang='lat' dir='ltr'>perf</span> 
     </span>
     <span class='ocr_line' id='line_1_37' title="bbox 369 3763 2506 3847; baseline 0.001 -23"><span class='ocrx_word' id='word_1_317' title='bbox 369 3764 606 3825; x_wconf 88' lang='lat' dir='ltr'>territis</span> <span class='ocrx_word' id='word_1_318' title='bbox 647 3764 1001 3826; x_wconf 89' lang='lat' dir='ltr'>confidebat</span> <span class='ocrx_word' id='word_1_319' title='bbox 1027 3767 1429 3847; x_wconf 89' lang='lat' dir='ltr'>spatiumque</span> <span class='ocrx_word' id='word_1_320' title='bbox 1456 3765 1992 3847; x_wconf 86' lang='lat' dir='ltr'>interponendum</span> <span class='ocrx_word' id='word_1_321' title='bbox 2024 3764 2107 3826; x_wconf 91' lang='lat' dir='ltr'>ad</span> <span class='ocrx_word' id='word_1_322' title='bbox 2133 3763 2506 3828; x_wconf 87' lang='lat' dir='ltr'>recreandos</span> 
     </span>
    </p>
   </div>
   <div class='ocr_carea' id='block_1_9' title="bbox 2439 4012 2552 4065">
    <p class='ocr_par' dir='ltr' id='par_1_18' title="bbox 2439 4012 2552 4065">
     <span class='ocr_line' id='line_1_38' title="bbox 2505 4012 2550 4033; baseline 0 0"><span class='ocrx_word' id='word_1_323' title='bbox 2505 4012 2550 4033; x_wconf 67' lang='grc' dir='ltr'>ιί</span> 
     </span>
     <span class='ocr_line' id='line_1_39' title="bbox 2439 4032 2552 4065; baseline 0 -16"><span class='ocrx_word' id='word_1_324' title='bbox 2439 4036 2450 4049; x_wconf 73' lang='grc' dir='ltr'>ι</span> <span class='ocrx_word' id='word_1_325' title='bbox 2511 4032 2552 4065; x_wconf 35' lang='grc' dir='ltr'><em>χῶ</em></span> 
     </span>
    </p>
   </div>
  </div>
 </body>
</html>
