2734 4167
775 195 1004 251 ΟΟΜΜ.
1045 195 1131 249 ΙΙ.
1174 194 1337 248 ΟΑΡ.
1378 192 1741 247 XXII—XX
1746 193 1807 248 V.
2334 198 2411 257 63

153 368 503 450 refugerat,
539 363 928 444 appulsaque
970 360 1050 421 ad
1091 358 1453 439 proximum
1486 358 1640 420 litus
1680 358 1935 419 trireme
1976 360 2293 419 constrata

155 470 216 530 et
245 466 318 527 in
345 464 540 525 litore
582 459 806 521 relicta
844 456 1112 537 pedibus
1140 455 1571 515 Adrumetum
1597 454 1981 534 perfugerat.
2071 455 2151 515 Id
2184 475 2291 534 op-

155 562 378 641 pidum
403 559 476 621 C.
503 554 841 619 Considius
863 554 1119 632 Longus
1139 548 1330 610 unius
1351 549 1616 630 legionis
1636 550 1945 629 praesidio
1966 552 2283 613 tuebatur.

117 652 130 663 ⁶
158 658 460 739 Reliquae
487 651 770 716 Caesaris
795 668 986 711 naves
1013 648 1152 728 ejus
1172 648 1328 729 fuga
1349 668 1414 708 se
1436 646 1864 709 Adrumetum
1892 651 2282 727 receperunt.

159 753 350 815 Hunc
401 752 661 813 secutus
687 742 985 809 ’Marcius
1035 744 1242 805 Rufus
1291 746 1584 823 quaestor
1635 743 1899 805 navibus
1954 761 2083 819 XII,
2137 764 2291 824 quas
2374 749 2410 806 5

159 848 471 929 praesidio
513 843 816 907 onerariis
854 841 1120 903 navibus
1149 839 1341 901 Curio
1383 859 1460 901 ex
1502 839 1717 901 Sicilia
1756 841 2076 916 eduxerat,
2122 844 2291 921 post-

158 965 346 1025 quam
389 944 464 1005 in
488 942 675 1003 litore
716 938 1000 1012 relictam
1041 956 1266 999 navem
1294 936 1641 1016 conspexit,
1674 937 1838 999 hanc
1879 938 2156 999 remulco
2184 939 2291 1000 ab·

157 1040 424 1117 straxit3
464 1038 600 1119 ipse
634 1038 715 1098 ad
746 1034 1088 1097 Curionem
1129 1053 1275 1095 cum
1304 1034 1496 1095 classe
1525 1034 1709 1095 redit.
1772 1034 2045 1095 'XXIV.
2098 1034 2291 1098 Curio

157 1136 476 1199 Marcium
502 1132 766 1196 Uticam
806 1131 1072 1193 navibus
1099 1129 1455 1213 praemittit
1478 1152 1495 1207 ;
1535 1129 1668 1210 ipse
1696 1131 1916 1193 eodem
1944 1150 2091 1192 cum
2120 1151 2291 1193 exer-

157 1232 288 1295 citu
329 1229 760 1312 proficiscitur
810 1227 1112 1308 biduique
1160 1226 1284 1289 iter
1338 1245 1701 1307 progressus
1754 1228 1837 1287 ad
1883 1227 2123 1288 flumen
2172 1228 2291 1289 Ba-
2334 1232 2411 1290 10

155 1330 421 1410 gradam
461 1326 769 1408 pervenit.
860 1325 960 1387 Ibi
989 1324 1061 1386 C.
1099 1323 1443 1385 Caninium
1485 1322 1780 1385 Rebilum
1819 1324 2103 1406 legatum
2143 1344 2291 1387 cum

156 1424 516 1506 legionibus
555 1421 852 1502 reliquit3
898 1421 1031 1502 ipse
1079 1440 1226 1483 cum
1267 1419 1558 1500 equitatu
1600 1420 1917 1481 antecedit
1962 1422 2042 1482 ad
2071 1421 2289 1483 Castra

157 1520 546 1601 exploranda
568 1517 961 1592 Corneliana,
989 1518 1157 1598 quod
1184 1516 1238 1577 is
1265 1517 1440 1577 locus
1468 1515 1843 1595 peridoneus
1864 1517 2081 1579 castris
2102 1518 2291 1580 habe-

157 1616 364 1679 batur.
471 1615 550 1676 Id
598 1616 814 1676 autem
862 1617 956 1676 est
1002 1614 1231 1695 jugum
1281 1613 1597 1674 directum
1646 1613 1929 1675 eminens
1975 1613 2044 1674 in
2091 1635 2283 1691 mare,

157 1717 428 1793 utraque
485 1730 562 1773 ex
608 1714 787 1791 parte
841 1712 1254 1791 praeruptum
1309 1712 1499 1789 atque
1554 1729 1865 1789 asperum,
1920 1712 2029 1773 sed
2075 1714 2289 1773 tamen
2332 1715 2409 1775 15

153 1810 347 1891 paulo
392 1806 630 1869 leniore
672 1805 928 1887 fastigio
974 1806 1053 1866 ab
1103 1824 1176 1867 ea
1214 1808 1393 1885 parte
1440 1824 1598 1885 quae
1640 1807 1721 1867 ad
1761 1806 2021 1868 Uticam
2060 1809 2280 1889 vergit.

153 1906 358 1967 Abest
408 1903 650 1965 directo
695 1901 922 1964 itinere
966 1901 1046 1963 ab
1093 1899 1287 1962 Utica
1313 1902 1505 1980 paulo
1532 1902 1805 1981 amplius
1831 1923 2048 1982 passus
2088 1904 2280 1967 mille.

155 2002 282 2065 Sed
309 2001 436 2062 hoc
477 1998 703 2063 itinere
733 2001 827 2060 est
852 1998 1018 2073 fonS,
1052 2018 1177 2078 quo
1217 2018 1389 2059 mare
1419 1999 1699 2060 succedit
1739 2000 2007 2081 longius,
2041 2002 2288 2082 lateque

152 2100 206 2161 is
247 2099 429 2159 locus
473 2098 832 2176 restagnat3
874 2112 1063 2175 quem
1106 2094 1157 2155 si
1202 2093 1312 2174 qui
1340 2093 1539 2165 vitare
1580 2096 1871 2171 voluerit,
1905 2116 2011 2159 sex
2039 2097 2289 2158 milium

153 2192 436 2256 circuitu
477 2191 548 2253 in
591 2192 898 2272 oppidum
941 2190 1249 2271 pervenit.
1339 2190 1551 2254 XXV.
1602 2192 1743 2255 Hoc
1791 2193 2113 2273 explorato
2152 2195 2289 2257 loco
2330 2199 2409 2257 20

157 2290 354 2353 Curio
396 2292 600 2352 castra
640 2288 794 2351 Vari
836 2286 1144 2368 conspicit
1183 2307 1366 2349 muro
1415 2287 1770 2369 oppidoque
1818 2290 2161 2371 conjuncta
2209 2292 2319 2367 ad,
2353 2358 2364 2370 ,
2442 2366 2447 2375 Ι

152 2389 409 2467 portam
465 2405 622 2466 quae
671 2384 1026 2465 appellatur
1071 2383 1314 2459 bellica,
1367 2385 1711 2447 admodum
1760 2387 2009 2449 munita
2060 2390 2291 2449 natura

152 2484 300 2559 loci,
333 2501 468 2543 una
505 2500 586 2545 ex
622 2484 801 2561 parte
839 2481 976 2562 ipso
1021 2480 1254 2561 oppido
1281 2481 1496 2557 Utica,
1530 2483 1745 2558 altera,
1779 2504 1817 2545 a
1842 2484 2091 2545 theatro
2120 2486 2289 2565 quod

155 2581 251 2642 est
299 2582 453 2640 ante
508 2578 834 2657 oppidum,
887 2576 1463 2640 substructionibus
1516 2579 1655 2661 ejus
1710 2572 1915 2660 operis
1969 2580 2280 2657 maximis,

155 2677 340 2738 aditu
395 2676 479 2737 ad
533 2676 734 2737 castra
787 2674 1030 2737 difficili
1084 2678 1152 2737 et
1205 2682 1492 2755 anguste.
1583 2674 1788 2738 Simul
1843 2676 2287 2739 animadvertit
2328 2682 2407 2741 25

155 2774 364 2833 multa
410 2772 694 2852 undique
737 2770 976 2852 portari
1017 2774 1205 2851 atque
1246 2770 1347 2851 agi
1395 2771 1774 2851 plenissimis
1814 2773 1951 2849 viis,
1994 2794 2154 2854 quae
2194 2795 2289 2837 re-

151 2868 410 2949 pentini
465 2870 782 2931 tumultus
831 2868 1058 2930 timore
1114 2888 1192 2931 ex
1240 2869 1405 2951 agris
1459 2870 1528 2930 in
1573 2871 1799 2933 urbem
1853 2871 2279 2935 conserantur.

155 2965 309 3028 Huc
339 2964 697 3045 equitatum
737 2964 962 3040 mittit,
995 2968 1072 3025 ut
1099 2964 1402 3045 diriperet
1430 2969 1618 3046 atque
1647 2966 1908 3029 haberet
1948 2968 2084 3029 loco
2112 2988 2288 3047 prae—

155 3062 316 3139 dae3
366 3062 709 3142 eodemque
750 3064 1033 3141 tempore
1073 3060 1173 3122 his
1220 3062 1407 3123 rebus
1434 3062 1711 3123 subsidio
1754 3078 1838 3123 Dc
1880 3063 2121 3143 equites
2150 3064 2216 3125 N
2217 3084 2288 3125 u-

153 3157 370 3219 midae
419 3176 495 3219 ex
542 3157 774 3237 oppido
821 3156 1188 3237 peditesque
1238 3173 1395 3219 0000
1444 3158 1795 3220 mittuntur
1834 3180 1871 3220 a
1910 3160 2099 3235 Var0,
2134 3180 2289 3240 quos
2330 3164 2409 3223 30

155 3252 382 3314 auxilii
423 3272 608 3315 causa
647 3273 758 3315 rex
797 3254 844 3315 J
845 3254 970 3314 uba
1009 3253 1226 3333 paucis
1268 3253 1489 3316 diebus
1529 3259 1676 3318 ante
1705 3256 1965 3318 Uticam
2005 3255 2278 3319 miserat.

157 3348 334 3409 Huic
363 3352 430 3410 et
456 3352 796 3429 paternum
821 3349 1172 3431 hospitium
1213 3372 1360 3413 cum
1391 3351 1691 3432 Pompeio
1720 3356 1784 3415 et
1824 3352 2110 3414 simultas
2139 3372 2287 3416 cum

158 3443 438 3507 Curione
464 3445 914 3521 intercedebat,
949 3447 1120 3527 quod
1146 3447 1441 3509 tribunus
1468 3448 1670 3528 plebis
1696 3449 1901 3530 legem
1929 3449 2288 3530 promulga-

157 3544 357 3617 verat,
405 3562 528 3622 qua
574 3544 710 3625 lege
759 3562 1030 3624 regnum
1076 3544 1123 3605 J
1124 3545 1282 3606 ubae
1330 3544 1777 3623 publicaverat.
1883 3544 2288 3607 Concurrunt

158 3636 406 3719 equites
451 3639 620 3701 inter
659 3658 766 3717 se3
821 3659 1025 3721 neque
1067 3660 1214 3702 vero
1253 3639 1533 3719 primum
1572 3638 1886 3717 impetum
1926 3644 2288 3701 nostrorum
2330 3644 2408 3702 35

159 3733 482 3797 Numidae
507 3734 674 3797 ferre
700 3738 1070 3815 potuerunt,
1104 3736 1213 3797 sed
1238 3733 1593 3797 interfectis
1620 3732 1868 3795 circiter
1896 3749 2035 3793 cxx
2061 3732 2287 3810 reliqui
