2734 4167
230 206 309 264 98
997 197 1113 248 DE
1153 195 1421 249 BELLO
1470 194 1733 246 CIVJLJ

337 383 560 444 specus
607 363 936 444 angustiae
985 360 1272 435 vallium,
1319 359 1437 421 has
1492 359 1749 420 sublicis
1796 358 1867 418 in
1916 361 2151 420 terram
2202 357 2488 423 demissis

336 462 767 541 praesepserat
833 461 1190 538 terramque
1262 457 1599 536 adjecerat,
1660 457 1751 535 ut·
1805 474 2036 536 aquam
2106 455 2479 517 contineret.

338 557 564 636 Itaque
619 554 714 616 illi
770 553 1117 616 necessario
1172 553 1312 614 loca
1365 550 1541 632 sequi
1599 551 1869 614 demissa
1928 571 2001 614 ac
2056 551 2367 632 palustria
2421 554 2487 614 et

336 656 565 733 puteos
591 651 810 712 fodere
841 651 1233 730 cogebantur
1267 651 1458 728 atque
1486 647 1661 708 hunc
1688 649 1968 710 laborem
1997 649 2079 708 ad
2107 647 2489 727 quotidiana

259 753 296 810 5
339 767 527 827 opera
575 747 934 822 addebant3
977 744 1087 825 qui
1132 748 1350 806 tamen
1393 743 1606 805 sontes
1651 763 1689 806 a
1736 743 2115 823 quibusdam
2158 742 2489 823 praesidiis

340 844 602 905 aberant
629 842 885 923 longius
927 844 992 904 et
1033 839 1319 902 celeriter
1359 839 1637 902 aestibus
1663 841 2120 904 exarescebant.
2211 839 2304 902 At
2334 840 2489 902 an-

340 939 494 1001 saris
541 938 862 1000 exercitus.
905 936 1148 1017 optima
1202 935 1569 998 valetudine
1624 955 1994 1016 summaque
2050 957 2249 1016 aquae
2305 935 2489 1016 copia

341 1035 662 1110 utebatur,
697 1036 840 1095 tum
869 1036 1256 1096 commeatus
1305 1031 1481 1092 omni
1524 1051 1751 1113 genere
1794 1035 2043 1111 praeter
2084 1034 2487 1096 frumentum

342 1132 750 1208 abundabat3
793 1130 978 1211 cujus
1021 1128 1304 1209 quotidie
1349 1128 1577 1189 melius
1610 1130 1939 1191 succedere
1987 1133 2241 1209 tempus
2286 1132 2488 1211 majo-

224 1231 302 1290 10
342 1246 600 1308 remque
629 1245 806 1307 spem
833 1224 1203 1288 maturitate
1233 1226 1709 1286 frumentorum
1735 1225 2005 1306 proponi
2028 1225 2351 1289 videbant.
2404 1228 2478 1290 L.

345 1325 426 1386 In
446 1343 611 1386 novo
639 1342 866 1405 genere
893 1322 1042 1384 belli
1070 1341 1268 1384 novae
1313 1323 1393 1384 ab
1436 1321 1721 1402 utrisque
1765 1321 2044 1384 bellandi
2091 1323 2364 1384 rationes
2392 1344 2489 1386 rea

343 1420 769 1501 periebantur.
862 1418 990 1493 Illi,
1039 1438 1188 1480 cum
1231 1417 1827 1480 animadvertissent
1871 1440 1946 1481 ex
1996 1420 2253 1502 ignibus
2300 1425 2495 1484 nocte·

344 1517 633 1589 cohortes
681 1520 929 1578 nostras
971 1516 1050 1577 ad
1100 1515 1492 1581 munitiones
1536 1517 1864 1592 excubare,
1912 1517 2163 1578 silentio
2212 1517 2489 1600 aggressi

347 1613 621 1677 universi
650 1613 825 1675 intra
853 1612 1336 1674 multitudinem
1355 1612 1627 1694 ‚sagittas
1656 1613 2087 1693 conjiciebant
2128 1617 2191 1676 et
2234 1635 2297 1676 se
2340 1634 2489 1678 con-

228 1715 304 1774 15
344 1711 564 1774 festim
592 1710 846 1771 ad'suos
875 1709 1281 1789 recipiebant.
1374 1708 1619 1782 Quibus
1662 1710 1847 1770 rebus
1891 1711 2096 1772 nostri
2144 1731 2265 1808 usu
2314 1711 2489 1774 docti

346 1809 501 1870 haec
527 1807 924 1887 reperiebant
950 1805 1249 1880 remedia,
1282 1807 1357 1864 ut
1386 1804 1511 1866 alio
1538 1806 1675 1865 1000
1704 1805 1883 1885 ignes
1908 1807 2193 1892 facerent
2204 1809 2215 1886 μ’
2276 1855 2291 1870 .

349 2097 458 2159 LI.
508 2096 782 2158 Interim
823 2095 1051 2158 certior
1089 2095 1300 2171 factus
1329 2095 1401 2156 P.
1439 2093 1638 2170 Sulla,
1672 2114 1862 2175 quem
1904 2096 2228 2160 discedens
2271 2097 2491 2160 castris

228 2199 310 2258 20
349 2194 737 2274 praefecerat
794 2192 1038 2267 Caesar,
1097 2191 1334 2252 auxilio
1400 2190 1645 2252 cohorti
1700 2193 1878 2267 venit
1934 2213 2083 2255 eum
2138 2195 2491 2275 legionibus

351 2291 640 2368 duabus3
683 2290 868 2370 cujus
909 2289 1190 2351 adventu
1232 2286 1423 2349 facile
1453 2291 1603 2349 sunt
1630 2289 1864 2369 repulsi
1896 2289 2285 2372 Pompeiani.
2362 2291 2492 2354 Ne-

352 2409 476 2470 que
529 2407 676 2451 vero
733 2389 1145 2466 conspectum
1207 2388 1320 2448 aut
1378 2385 1693 2465 impetum
1750 2389 2116 2448 nostrorum
2170 2388 2484 2464 tulerunt,

353 2484 700 2564 primisque
755 2482 1017 2564 dejectis
1071 2482 1299 2563 reliqui
1355 2503 1421 2546 se
1468 2486 1817 2546 verterunt·
1838 2487 1904 2546 et
1952 2485 2093 2546 loco
2145 2489 2485 2548 cesserunt.

356 2581 481 2644 Sed
527 2580 930 2661 insequentes
969 2582 1244 2655 nostroS,
1290 2600 1373 2642 ne
1419 2581 1673 2662 longius
1717 2584 2267 2664 prosequerentur,
2317 2581 2497 2644 Sulla

233 2681 312 2740 25
353 2677 690 2742 revocavit.
779 2675 872 2738 At
912 2676 1196 2761 plerique
1245 2676 1631 2752 existimant,
1676 2677 1729 2738 si
1779 2679 1987 2740 acrius
2027 2678 2276 2759 insequi
2316 2679 2493 2742 volu-

352 2775 522 2850 isset,
569 2775 808 2836 bellum
855 2793 928 2836 eo
977 2773 1079 2836 die
1126 2773 1407 2855 potuisse
1461 2773 1661 2836 finire.
1754 2774 1957 2856 Cujus
2015 2774 2353 2838 consilium
2400 2796 2496 2838 re-

353 2870 882 2952 prehendendum
918 2889 1052 2931 non
1080 2869 1350 2933 videtur.
1442 2869 1622 2932 Aliae
1665 2869 1837 2932 enim
1868 2875 2018 2933 sunt
2046 2871 2241 2952 legati
2283 2875 2528 2952 partes-

354 2970 544 3047 atque
598 2965 1043 3046 imperatoris:
1108 2966 1269 3028 alter
1323 2966 1538 3027 omnia
1606 2986 1787 3047 agere
1850 2969 1933 3028 ad
1987 2968 2497 3048 praescriptum;

353 3064 513 3125 alter
558 3062 753 3124 libere
804 3062 887 3123 ad
935 3081 1250 3124 summam
1297 3082 1509 3124 rerum
1565 3064 1889 3126 consulere
1938 3065 2142 3126 debet.
2236 3064 2412 3126 Sulla
2458 3084 2497 3126 a
2551 3087 2571 3105 ·-

234 3163 314 3222 30
357 3159 615 3222 Caesare
671 3158 894 3222 castris
947 3159 1208 3222 relictus
1262 3159 1545 3222 liberatis
1600 3161 1730 3224 suis
1784 3161 1909 3223 1100
1963 3161 2095 3223 fuit
2156 3165 2497 3241 contentus

354 3275 558 3335 neque
586 3255 825 3336 proelio
853 3255 1172 3320 decertare
1222 3255 1449 3331 voluit,
1484 3277 1641 3338 quae
1685 3278 1784 3320 res
1812 3261 2030 3320 tamen
2073 3259 2341 3321 fortasse
2384 3258 2496 3320 ali-

355 3372 543 3432 quem
568 3352 874 3432 reciperet
903 3372 1138 3428 casum,
1171 3372 1253 3415 ne
1283 3352 1717 3434 imperatorias
1759 3355 1880 3417 sibi
1907 3358 2117 3435 partes
2161 3355 2497 3436 sumpsisse

352 3448 690 3511 videretur.
783 3449 1183 3530 Pompeianis
1224 3470 1522 3532 magnam
1562 3472 1659 3514 res
1694 3453 1777 3514 ad
1802 3455 2131 3533 receptum
2159 3453 2499 3516 difficulta-

354 3547 486 3605 tem
513 3546 829 3608 aft'erebat.
906 3547 1077 3608 Nam
1107 3567 1184 3609 ex
1211 3547 1432 3628 iniquo
1460 3549 1771 3629 progressi
1798 3549 1937 3611 loco
1967 3549 2038 3611 in
2066 3569 2316 3612 summo
2346 3569 2494 3611 con-

235 3641 312 3699 35
354 3639 649 3701 stiterant
679 3663 696 3718 3
740 3641 790 3702 si
820 3662 933 3720 per
955 3632 1201 3706 'declive
1231 3663 1360 3706 sese
1388 3644 1759 3726 reciperent,
1793 3650 2041 3709 nostros
2070 3667 2147 3710 ex
2176 3646 2499 3727 superiore

357 3732 758 3814 insequentes
778 3737 917 3798 loco
945 3739 1362 3817 velebant-1113
1392 3759 1597 3822 neque
1624 3743 1905 3804 multum
1932 3744 2015 3806 ad
2036 3744 2182 3806 solis
2210 3763 2501 3807 occasum
