2734 4167
285 231 364 290 86
467 256 471 260 .
1066 221 1185 273 1111
1221 220 1478 274 BELLo
1525 221 1772 277 cIVIzJ

400 409 604 471 neque
647 386 989 450 Brundisio
1031 405 1220 448 naves
1246 385 1645 467 legionesque
1687 387 1767 449 ad
1812 387 2136 452 Caesarem
2176 390 2532 456 veniebant.

402 485 500 547 Ac
541 484 884 546 nonnullae
912 484 1049 565 ejus
1076 482 1167 544 rei
1194 482 1665 561 praetermissae
1707 484 2056 547 occasiones
2086 486 2332 548 Caesari
2365 487 2540 551 vide-

402 583 656 657 bantur,
704 581 874 661 quod
916 581 1082 642 certe
1124 597 1304 659 saepe
1345 579 1649 641 flaverant
1686 580 1882 656 venti,
1928 581 2154 661 quibus
2195 584 2539 646 necessario

398 676 937 739 committendum
984 674 1402 739 existimabat.
1495 674 1869 756 Quantoque
1917 677 2055 758 ejus
2097 680 2367 758 amplius
2393 700 2540 760 pro-

306 779 361 836 -5
400 775 669 846 cesserat
715 771 1036 852 temporiS,
1091 774 1275 834 tanto
1324 775 1504 834 erant
1558 772 1883 835 alacriores
1937 774 2017 835 ad
2065 775 2377 837 custodias
2425 777 2540 857 qui

408 870 706 931 classibus
742 871 1090 949 praeerant,
1126 869 1552 950 majoremque
1593 869 1891 932 fiduciam
1932 870 2307 951 prohibendi
2347 873 2540 936 habe-

405 966 580 1042 bant,
640 968 705 1028 et
759 964 988 1027 crebris
1045 964 1330 1044 Pompeii
1393 964 1622 1028 litteris
1690 967 2174 1048 castigabantur,
2230 970 2541 1050 quoniam

404 1063 610 1143 primo
657 1062 1014 1124 venientem
1065 1060 1392 1124 Caesarem
1438 1080 1569 1122 non
1616 1060 2102 1143 prohibuissent,
2150 1068 2226 1126 ut
2266 1065 2539 1146 reliquos

404 1162 541 1242 ejus
589 1160 897 1223 exercitus
945 1160 1374 1240 impedirent;
1428 1159 1772 1241 duriusque
1820 1162 2101 1243 quotidie
2150 1165 2401 1244 tempus
2455 1165 2540 1226 ad

284 1261 362 1319 10
402 1258 966 1338 transportandum
991 1256 1333 1319 lenioribus
1360 1256 1567 1318 ventis
1607 1259 2066 1339 exspectabant.
2160 1260 2401 1335 Quibus
2441 1281 2539 1324 re·
2621 1267 2626 1272 “

403 1355 520 1416 bus
560 1356 884 1435 permotus
927 1352 1152 1415 Caesar
1180 1352 1596 1414 Brundisium
1637 1353 1717 1415 ad
1758 1373 1901 1417 suos
1943 1355 2212 1418 severius
2260 1356 2532 1437 scripsit,

402 1451 575 1512 nacti
603 1451 905 1512 idoneum
931 1453 1195 1511 ventum
1221 1469 1301 1511 116
1329 1448 1716 1512 occasionem
1743 1450 2083 1533 navigandi
2112 1451 2532 1531 dimitterent,

402 1548 456 1609 si
504 1549 585 1608 ad
631 1547 819 1609 litora
846 1546 1351 1627 Apolloniatium
1393 1566 1648 1608 cursum
1690 1546 1957 1630 dirigere
2005 1552 2193 1630 atque
2235 1570 2306 1612 eo
2347 1570 2537 1614 naves

402 1643 628 1725 ejicere
674 1646 945 1724 possent.
1053 1643 1226 1704 Haec
1282 1663 1320 1704 a
1374 1642 1674 1705 custodiis
1729 1644 2018 1706 classium
2073 1646 2210 1708 loca
2262 1647 2536 1709 maxime

284 1744 361 1805 15
402 1743 728 1817 vacabant,
764 1741 933 1822 quod
966 1759 1029 1802 se
1056 1739 1306 1821 longius
1349 1760 1387 1800 a
1426 1739 1713 1819 portibus
1742 1742 2133 1805 committere
2174 1763 2304 1804 non
2346 1744 2536 1807 aude-

403 1841 564 1900 rent.
654 1837 899 1900 XXVI.
952 1836 1056 1897 Illi
1085 1836 1371 1898 adhibita
1412 1836 1673 1899 audacia
1710 1839 1773 1900 et
1800 1837 2054 1914 virtute,
2089 1839 2534 1902 administran-

402 1935 575 1997 tibus
616 1935 704 1996 M.
742 1933 1026 1996 Antonio
1068 1936 1132 1996 et
1181 1933 1363 1995 Fufio
1409 1931 1662 2010 Calen0,
1697 1935 1975 2004 multum
2025 1934 2176 2015 ipsis
2224 1937 2534 2015 militibus
2551 1958 2564 1964 “

403 2031 804 2093 hortantibus
844 2050 1047 2111 neque
1089 2030 1296 2091 ullum
1323 2029 1678 2110 periculum
1718 2050 1832 2110 pro
1880 2031 2079 2093 salute
2125 2031 2401 2095 Caesaris
2441 2053 2533 2096 re-

403 2128 791 2204 cusantibUS,
844 2127 1017 2209 nacti
1066 2130 1352 2189 austrum
1408 2147 1596 2189 naves
1644 2129 1896 2190 solvunt
1945 2132 2131 2209 atque
2186 2130 2383 2191 altero
2431 2130 2532 2192 die
2577 2206 2614 2215 ‚-

282 2228 362 2287 20
403 2224 808 2305 Apolloniam
835 2223 1419 2304 praetervehuntur.
1513 2212 1635 2299 Qui
1657 2244 1804 2286 cum
1832 2228 2049 2323 OQ
2063 2233 2138 2287 e'x
2179 2225 2531 2288 continenti

401 2322 539 2397 visi,
577 2321 915 2402 Coponius,
951 2321 1060 2401 qui
1091 2319 1448 2430 Dyrrhachi
1493 2321 1671 2383 classi
1700 2322 1980 2384 Rhodiae
2008 2317 2311 2403 praeerat,
2344 2342 2532 2385 naves

402 2439 477 2481 ex
504 2421 693 2499 portu
723 2418 957 2493 educit,
993 2420 1058 2479 et
1082 2418 1391 2499 cumjam
1434 2417 1663 2478 nostris
1704 2418 2050 2480 remissiore
2091 2422 2281 2481 vento
2307 2439 2582 2507 app-195...

401 2515 785 2596 pinquasset,
819 2514 989 2576 idem
1031 2516 1240 2575 auster
1280 2513 1594 2575 increbuit
1635 2513 1986 2593 nostrisque
2026 2515 2335 2594 praesidio
2375 2515 2524 2578 fuit.

400 2612 624 2692 Neque
649 2632 794 2674 vero
824 2611 930 2672 ille
960 2610 1038 2671 ob
1067 2629 1206 2672 eam
1248 2628 1500 2670 causam
1542 2612 1772 2672 conatu
1802 2610 2154 2686 desistebat,
2189 2612 2297 2673 sed
2322 2611 2532 2673 labore

280 2711 358 2770 25
401 2711 466 2770 et
492 2707 948 2788 perseverantia
974 2708 1315 2768 nautarum
1354 2709 1420 2768 et
1460 2705 1591 2767 vim
1617 2700 2009 2786 tempestatis
2050 2706 2326 2787 superari
2354 2726 2533 2787 posse

400 2805 708 2884 sperabat,
768 2804 1345 2884 praetervectosque
1416 2801 1888 2884 Dyrrhachium
1956 2822 2185 2884 magna
2237 2802 2301 2864 vi
2357 2803 2531 2865 venti

397 2900 601 2961 nihilo
629 2900 826 2962 secius
855 2900 1244 2981 sequebatur.
1309 2898 1528 2960 Nostri
1550 2898 1649 2959 usi
1677 2899 1972 2961 fortunae
1993 2898 2295 2962 beneficio
2316 2901 2534 2962 tamen

400 2996 710 3076 impetum
740 2996 949 3058 classis
976 2995 1307 3070 timebant,
1342 2994 1393 3055 si
1436 2995 1602 3056 forte
1643 2999 1868 3058 ventus
1895 2995 2247 3057 remisisset.
2339 2996 2533 3058 Nacti

399 3096 656 3172 portum
685 3092 792 3174 qui
821 3093 1176 3171 appellatur
1204 3090 1673 3171 Nymphaeum,
1708 3092 1876 3153 ultra
1899 3091 2149 3153 Lissum
2190 3091 2369 3152 milia
2395 3112 2534 3171 pas„-

278 3193 357 3250 30
400 3209 587 3251 suum
616 3206 725 3265 111,
755 3210 825 3251 eo
854 3208 1042 3251 naves
1069 3188 1561 3249 introduxerunt
1594 3188 1732 3270 ((1111
1761 3192 1980 3268 portus
2008 3189 2085 3249 ab
2115 3189 2334 3251 Africo
2364 3180 2532 3271 tege-

397 3286 604 3361 batur,
646 3287 723 3347 ab
751 3288 962 3347 austro
990 3304 1120 3346 non
1148 3287 1282 3346 erat
1308 3284 1540 3366 tutus),
1574 3285 1893 3366 leviusque
1920 3286 2312 3365 tempestatis
2341 3307 2535 3367 quam

398 3382 604 3443 classis
644 3382 997 3461 periculum
1038 3381 1542 3443 aestimaverunt.
1635 3381 1772 3458 Quo
1801 3382 1989 3444 simul
2018 3385 2208 3463 atque
2235 3383 2407 3444 intro
2439 3385 2533 3446 est

396 3478 583 3552 itum,
618 3478 969 3540 incredibili
1019 3478 1323 3539 felicitate
1373 3481 1602 3554 auster,
1638 3478 1746 3559 qui
1788 3498 1901 3559 per
1935 3477 2205 3539 biduum
2247 3480 2524 3556 flaverat,

398 3572 467 3632 in
495 3571 789 3634 Africum
817 3594 879 3635 se
908 3574 1113 3635 vertit.
1189 3573 1470 3635 XXVII.
1509 3574 1635 3636 Hic
1663 3574 1933 3636 subitam
1966 3576 2532 3653 commutationem

281 3668 358 3727 35
398 3666 690 3729 fortunae
731 3669 940 3731 videre
982 3668 1182 3730 licuit.
1275 3668 1398 3743 Qui
1447 3670 1634 3730 modo
1676 3670 1793 3731 sibi
1841 3652 2211 3747 timfierant,
2266 3672 2384 3734 hos
2430 3676 2533 3737 tu-

397 3759 676 3823 tissimus
721 3767 941 3842 portus
987 3763 1325 3844 recipiebat
1353 3785 1372 3842 3
1423 3764 1533 3844 qui
1580 3766 1811 3829 nostris
1858 3765 2124 3831 navibus
2173 3768 2533 3849 periculum
