2734 4167
254 238 375 300 100
1024 237 1142 290 DE
1181 235 1449 290 BELLO
1495 237 1583 290 01
1585 235 1758 290 VILI

374 397 669 479 antiquas
695 400 1082 463 munitiones
1110 400 1367 481 recepit.
1456 401 1589 463 LV.
1630 398 1942 465 Omnibus
1970 401 2267 484 deinceps
2295 404 2514 468 diebus

378 493 602 556 Caesar
644 495 994 557 exercitum
1042 497 1111 558 in
1161 497 1360 560 aciem
1409 496 1681 579 aequum
1729 498 1800 560 in
1843 499 2058 561 locum
2105 501 2426 580 produxit,
2460 501 2511 563 si

377 591 714 671 Pompeius
755 594 992 671 proelio
1023 594 1339 658 decertare
1367 597 1577 673 vellet,
1613 600 1688 658 ut
1731 617 1930 677 paene
1975 598 2194 659 castris
2225 598 2511 678 Pompeii

373 688 652 769 legiones
706 689 1090 770 subjiceret3
1152 695 1534 774 tantumque
1590 713 1628 755 a
1680 694 1845 756 vallo
1901 693 2037 774 ejus
2092 694 2298 775 prima
2352 695 2512 758 acies

277 787 332 846 ·5
375 786 609 860 aberat,
668 787 769 847 uti
826 807 907 848 ne
960 789 1088 849 telo
1144 791 1540 852 tormentove
1596 789 1789 871 adjici
1843 793 2068 870 posset.
2178 789 2512 870 Pompeius

348 886 613 959 —autem,
662 886 738 944 ut
781 884 1020 946 famam
1066 884 1553 967 opinionemque
1599 886 1937 948 hominum
1980 889 2243 962 teneret,
2279 886 2368 948 sic
2395 906 2511 966 pro

376 980 594 1042 castris
639 981 988 1043 exercitum
1032 982 1477 1059 constituebat,
1512 986 1587 1044 ut
1631 983 1820 1046 tertia
1865 983 2026 1046 acies
2074 984 2314 1045 vallum
2364 1003 2512 1044 con-

376 1077 671 1158 tingeret,
722 1077 928 1139 omnis
976 1079 1234 1159 quidem
1282 1079 1635 1141 instructus
1679 1079 1989 1142 exercitus
2038 1079 2181 1141 telis
2225 1099 2302 1142 ex
2344 1080 2511 1142 vallo

182 1228 189 1237 ,
377 1174 480 1235 ab‘
587 1174 640 1235 is
667 1175 913 1256 protegi
942 1179 1168 1264 posset.

100 1244 181 1369 J
258 1274 337 1333 10
457 1271 625 1335 LVI.
676 1271 946 1348 Aetolia,
982 1271 1360 1349 Acarnania,
1396 1272 1842 1354 Amphilochis
1882 1293 1998 1355 per
2027 1273 2314 1336 Cassium
2343 1274 2510 1335 Lon-

375 1368 601 1449 ginum
630 1372 693 1431 et
739 1368 1084 1431 Calvisium
1134 1370 1463 1448 Sabinum,
1495 1375 1572 1433 ut
1619 1371 2208 1448 demonstravimus,
2240 1371 2511 1451 receptis

374 1465 752 1527 tentandam
795 1465 912 1528 sibi
959 1467 1271 1529 Achaiam
1319 1488 1392 1530 ac
1436 1469 1625 1548 paulo
1674 1467 1928 1548 longius
1976 1467 2511 1549 progrediendum

375 1562 776 1624 existimabat
806 1562 1047 1626 Caesar.
1120 1565 1344 1646 Itaque
1367 1586 1439 1627 eo
1464 1565 1773 1628 Calenum
1801 1564 1976 1626 misit
1998 1563 2177 1645 eique
2201 1551 2539 1627 8011111010

375 1662 439 1721 et
469 1658 756 1720 Cassium
785 1680 933 1722 cum
968 1661 1331 1723 cohortibus
1359 1662 1677 1743 adjungit.
1770 1661 2053 1736 Quorum
2098 1660 2353 1742 cognito
2400 1661 2511 1722 ad-

256 1757 331 1817 15
373 1758 569 1817 ventu
599 1756 879 1818 Rutilius
910 1758 1149 1837 Lupus,
1183 1758 1293 1838 qui
1339 1758 1650 1820 Achaiam
1694 1757 1924 1819 missus
1970 1776 2007 1818 a
2054 1756 2353 1836 Pompeio
2403 1757 2513 1817 ob-

373 1852 638 1928 tinebat,
679 1853 998 1915 Isthmum
1048 1854 1448 1934 praemunire
1493 1854 1799 1931 instituit,
1840 1857 1917 1915 ut
1965 1852 2207 1915 Achaia
2250 1853 2512 1914 Fufium

373 1950 750 2032 prohiberet.
844 1951 1117 2013 Galenus
1148 1951 1449 2031 Delphos,
1485 1951 1755 2028 ThebaS,
1786 1949 2259 2013 Orchomenum
2285 1950 2512 2012 volun*

375 2050 506 2109 tate
537 2044 816 2127 ipsarum
858 2048 1192 2113 civitatum
1221 2048 1480 2129 recepit,
1513 2049 1853 2110 nonnullas
1880 2048 2066 2110 urbes
2109 2067 2223 2127 per
2248 2046 2380 2108 vim
2409 2066 2512 2108 ex-

372 2145 701 2226 pugnavit,
723 2145 993 2226 reliquas
1015 2145 1301 2208 civitates
1320 2146 1767 2208 circummissis
1784 2145 2207 2228 legationibus
2228 2143 2513 2206 amicitia

253 2245 333 2304 20
377 2241 623 2305 Caesari
673 2242 1007 2304 conciliare
1055 2244 1370 2305 studebat.
1461 2242 1540 2303 In
1584 2242 1684 2304 his
1724 2244 1909 2305 rebus
1936 2243 2068 2305 fere
2110 2244 2243 2304 erat
2286 2241 2513 2302 Fufius

375 2341 734 2418 occupatus.
827 2338 1030 2400 LVII.
1081 2338 1256 2401 Haec
1306 2359 1454 2400 cum
1498 2339 1568 2399 in
1611 2339 1854 2400 Achaia
1894 2341 2084 2418 atque
2127 2338 2298 2417 apud
2345 2337 2511 2419 Dyr-

373 2435 711 2498 rhachium
738 2438 1128 2517 gererentur,
1164 2424 1649 2516 Scipionemque
1678 2435 1747 2495 in
1787 2433 2225 2496 Macedoniam
2264 2434 2511 2496 venisse

374 2534 708 2608 constaret,
742 2552 874 2593 non
903 2531 1136 2593 oblitus
1163 2532 1420 2612 pristini
1449 2532 1731 2593 instituti
1759 2530 1987 2608 Caesar
2014 2530 2218 2591 mittit
2247 2531 2327 2592 ad
2356 2551 2510 2593 eum

373 2626 451 2689 A.
490 2629 806 2705 Clodium,
862 2648 1049 2689 suum
1106 2631 1292 2708 atque
1347 2628 1520 2689 illius
1568 2627 1965 2704 familiarem,
2021 2646 2208 2708 quem
2263 2627 2340 2688 ab
2395 2626 2520 2693 illo.

251 2726 330 2786 25
371 2724 682 2786 traditum
727 2722 912 2786 initio
954 2728 1017 2787 et
1063 2726 1588 2787 commendatum
1620 2725 1687 2785 in
1717 2744 1974 2786 suorum
2015 2723 2512 2786 necessariorum

371 2840 636 2882 numero
684 2821 912 2883 habere
954 2820 1338 2883 instituerat.
1430 2821 1604 2882 Huic
1647 2822 1758 2882 dat
1801 2820 2044 2882 litteras
2085 2820 2510 2899 mandataque

372 2918 447 2978 ad
480 2937 647 2992 eum,
683 2937 953 2998 quorum
981 2918 1133 2980 haec
1175 2921 1309 2979 erat
1349 2936 1635 2979 summa:
1677 2934 1805 2980 sese
1853 2917 2066 2977 omnia
2092 2917 2170 2993 de
2205 2935 2358 2996 pace
2403 2935 2511 2978 ex-

369 3017 625 3095 pertum
663 3013 828 3074 nihil
866 3014 1074 3076 adhuc
1101 3013 1395 3076 arbitrari
1443 3013 1600 3076 vitio
1629 3013 1875 3074 factum
1919 3032 2136 3073 eorum
2176 3031 2331 3092 quos
2377 3031 2509 3074 esse

369 3113 655 3173 auctores
699 3111 837 3191 ejus
865 3110 955 3172 rei
982 3110 1301 3186 voluisset,
1337 3110 1507 3191 quod
1549 3129 1662 3171 sua
1706 3109 2007 3170 mandata
2049 3110 2324 3188 perferre
2373 3128 2510 3170 non

249 3211 329 3270 30
370 3211 727 3288 opportuno
747 3209 1028 3287 tempore
1058 3208 1138 3267 ad
1167 3206 1543 3286 Pompeium
1571 3209 1953 3268 vererentur.
2046 3204 2405 3285 Scipionem
2433 3225 2511 3267 ea

369 3324 495 3367 esse
525 3304 924 3380 auctoritate,
946 3306 1021 3364 ut
1049 3323 1181 3364 non
1208 3304 1414 3365 solum
1430 3302 1623 3364 libere
1653 3321 1810 3382 quae
1832 3302 2149 3381 probasset
2171 3320 2503 3380 exponere,

368 3403 476 3464 sed
505 3401 696 3464 etiam
725 3421 801 3463 ex
828 3419 1058 3481 magna
1084 3402 1262 3479 parte
1305 3399 1677 3478 compellere
1706 3402 1895 3478 atque
1938 3399 2253 3458 errantem
2292 3417 2509 3478 regere

366 3502 616 3578 posset3
678 3517 957 3578 praeesse
1013 3499 1228 3559 autem
1283 3517 1396 3558 suo
1443 3497 1701 3558 nomine
1750 3493 2076 3569 exercitui,
2130 3496 2207 3553 ut
2260 3498 2512 3573 praeter

367 3594 809 3655 auctoritatem
838 3593 998 3655 vires
1026 3613 1274 3674 quoque
1302 3594 1386 3655 ad
1423 3594 1843 3657 coercendum
1869 3592 2148 3653 haberet.
2241 3589 2425 3665 Quod
2453 3590 2510 3653 si

246 3692 324 3748 35
365 3688 636 3763 fecisset,
671 3690 949 3768 quietem
993 3689 1236 3765 Italiae,
1280 3711 1501 3771 pacem
1543 3689 2032 3772 provinciarum,
2066 3689 2338 3750 salutem
2384 3686 2512 3748 im-

366 3781 525 3859 perii
551 3783 665 3843 uni
695 3803 908 3846 omnes
935 3788 1260 3865 acceptam
1286 3787 1612 3850 relaturos.
1703 3787 1879 3850 Haec
1907 3787 1989 3849 ad
2016 3806 2165 3848 eum
2198 3782 2510 3847 mandata
