2734 4167
821 224 1054 278 coam.
1092 225 1209 278 III.
1255 227 1417 280 GAP.
1456 225 2014 280 LXIII-LXVIII.
2428 232 2544 292 105

289 389 696 473 Pompeianis
723 388 918 468 copiis
959 392 1147 469 atque
1177 409 1383 469 opere,
1416 394 1492 451 ut
1532 389 2123 465 demonstravimus,
2157 389 2426 453 011011111-

285 489 591 563 muniret,
626 489 829 548 castra
870 505 942 548 eo
970 486 1106 548 loco
1133 487 1363 566 posuit.
1456 487 1631 549 Haec
1672 487 1895 549 silvam
1922 488 2241 568 quandam
2281 507 2427 549 con-

284 586 621 668 tingebant
648 602 851 662 neque
878 583 1128 664 longius
1169 603 1207 644 a
1247 583 1407 644 mari
1434 584 1717 664 passibus
1747 600 1863 644 000
1904 584 2182 646 aberant.
2277 583 2428 646 Post

283 685 536 744 mutato
563 678 826 742 consilio
855 678 1232 758 quibusdam
1261 680 1339 741 de
1369 680 1571 742 causis
1603 680 1827 743 Caesar
1852 681 2043 760 paulo
2081 681 2253 741 ultra
2280 701 2427 742 eum

279 777 499 840 locum
539 780 742 838 castra
768 775 1118 851 transtulit,
1141 774 1493 857 'paucisque
1534 777 1909 840 intermissis
1944 778 2165 840 diebus
2207 778 2427 840 eadem
2509 783 2546 840 5

282 868 548 954 Pompei
556 893 626 934 us
674 875 1087 951 occupaverat
1129 875 1213 948 et,
1250 875 1421 954 quod
1449 893 1521 935 eo
1550 874 1687 935 1000
1714 874 1930 953 plures
1970 876 2106 935 erat
2147 874 2425 956 legiones

279 971 637 1044 habiturus,
683 968 903 1030 relicto
953 968 1251 1031 interiore
1294 970 1460 1032 vallo
1503 970 1809 1050 majorem
1850 969 2168 1050 adjecerat
2213 970 2424 1031 muni-

277 1067 542 1129 tionem.
633 1065 736 1126 Ita
779 1063 1025 1124 minora
1065 1068 1267 1126 castra
1292 1065 1538 1126 inclusa
1580 1065 1925 1146 majoribus
1953 1066 2192 1128 castelli
2236 1069 2425 1146 atque

278 1164 442 1227 arcis
468 1164 682 1224 locum
725 1160 1122 1223 obtinebant.
1214 1162 1379 1224 Item
1408 1163 1486 1223 ab
1515 1162 1749 1243 angulo
1792 1165 2141 1224 castrorum
2172 1162 2425 1224 sinistro

279 1260 708 1323 munitionem
735 1259 816 1319 ad
843 1257 1083 1320 flumen
1111 1261 1511 1338 perduxerat,
1548 1258 1799 1321 circiter
1832 1279 2049 1340 passus
2080 1275 2260 1335 0000,
2296 1280 2420 1340 quo
2467 1263 2543 1322 10

277 1357 540 1420 liberius
568 1376 606 1418 a
625 1354 904 1436 periculo
935 1354 1169 1418 milites
1195 1359 1597 1436 aquarentur.
1664 1355 1787 1418 Sed
1814 1355 1868 1417 is
1891 1376 2137 1437 quoque
2167 1359 2417 1418 mutato

279 1453 545 1515 consilio
573 1452 948 1533 quibusdam
970 1452 1048 1514 de
1079 1451 1299 1528 causis,
1320 1473 1475 1533 quas
1503 1453 1978 1514 commemorari
2011 1473 2259 1516 necesse
2287 1474 2418 1515 11011

279 1552 394 1625 est,
423 1570 495 1612 eo
522 1551 658 1611 1000
687 1552 1044 1610 excesserat.
1117 1548 1220 1610 Ita
1247 1550 1601 1628 complures
1622 1548 1755 1610 dies
1782 1554 2145 1611 manserant
2174 1554 2414 1628 castra3

280 1645 671 1706 munitiones
693 1644 950 1725 quidem
977 1663 1194 1706 omnes
1222 1644 1506 1726 integrae
1537 1647 1735 1707 erant.
1808 1645 2078 1710 LXVII.
2116 1646 2213 1707 Eo
2236 1646 2419 1728 signa

278 1741 546 1823 legionis
574 1741 752 1802 illata
777 1741 1196 1821 speculatores
1225 1740 1472 1802 Caesari
1515 1740 1984 1821 renuntiarunt.
2075 1742 2217 1807 Hoc
2248 1743 2417 1805 idem
2462 1747 2537 1804 15

279 1838 490 1901 visum
533 1858 609 1900 ex
657 1837 1080 1917 superioribus
1109 1837 1487 1918 quibusdam
1538 1837 1807 1899 castellis
1855 1838 2407 1902 confirmaverunt.

279 1935 344 1997 Is
372 1935 548 1996 locus
575 1935 788 1996 aberat
821 1954 860 2022 a
885 1933 1066 1996 novis
1096 1933 1381 2015 Pompeii
1424 1934 1643 1996 castris
1686 1935 1934 1997 circiter
1962 1955 2179 2015 passus
2223 1936 2405 2016 quin-

279 2033 523 2111 gentos
615 2031 802 2115 Hanc
831 2030 1145 2111 legionem
1187 2050 1441 2110 sperans
1478 2029 1701 2093 Caesar
1742 2051 1805 2094 se
1848 2032 2207 2112 opprimere
2242 2052 2418 2112 posse

278 2131 345 2190 et
393 2127 654 2207 cupiens
701 2128 839 2207 ejus
879 2126 1005 2189 diei
1048 2126 1505 2188 detrimentum
1547 2127 1772 2190 sarcire
1814 2128 2069 2208 reliquit
2120 2128 2189 2189 in
2232 2148 2415 2208 opere

278 2224 567 2286 cohortes
613 2225 789 2299 duas,
840 2244 998 2305 quae
1048 2223 1319 2303 speciem
1376 2225 1755 2287 munitionis
1801 2226 2219 2305 praeberent3
2281 2225 2414 2305 ipse
2456 2229 2535 2288 20

279 2323 524 2384 diverso
554 2321 801 2397 itinere,
835 2341 1026 2407 quam
1067 2321 1280 2400 potuit
1322 2307 1763 2398 occultissime,
1797 2321 2067 2402 reliquas
2102 2321 2410 2398 0011οη00,

277 2437 546 2480 1111111010
595 2433 855 2493 XXXIII,
890 2417 961 2478 in
1009 2417 1238 2497 quibus
1282 2421 1416 2480 erat
1463 2418 1627 2500 legio
1682 2438 1851 2479 nona
1906 2418 2126 2479 multis
2175 2418 2416 2493 amissis

279 2514 756 2577 centurionibus
807 2513 1262 2594 deminutoque
1310 2515 1593 2576 militum
1640 2534 1926 2590 1111111010,
1974 2516 2055 2576 ad
2102 2515 2418 2597 legionem

282 2610 568 2691 Pompeii
595 2615 921 2691 castraque
947 2611 1198 2673 minora
1223 2611 1465 2691 duplici
1502 2611 1631 2674 acie
1674 2611 1913 2674 eduxit.
1958 2604 1963 2608 ’
2003 2612 2225 2692 Neque
2266 2632 2414 2674 eum

277 2706 486 2786 prima
513 2707 729 2786 opinio
754 2707 1006 2770 fefellit.
1096 2709 1267 2770 Nam
1290 2711 1354 2769 et
1376 2708 1664 2787 pervenit
1692 2708 2062 2788 priusquam
2078 2709 2417 2789 Pompeius
2456 2712 2533 2772 25

279 2802 511 2864 sentire
551 2807 780 2882 posset,
815 2807 878 2866 et
907 2804 1157 2866 tametsi
1204 2807 1384 2866 erant
1425 2804 1811 2866 munitiones
1857 2808 2206 2866 castrorum
2244 2825 2417 2886 mag-

278 2919 418 2975 nae,
452 2903 667 2962 tamen
710 2900 962 2962 sinistro
1005 2920 1224 2976 cornu,
1261 2901 1372 2961 ubi
1402 2903 1535 2962 erat
1577 2900 1730 2980 ipse,
1766 2901 2051 2963 celeriter
2092 2921 2419 2983 aggressus

282 2996 694 3075 Pompeianos
722 3017 799 3059 ex
826 2998 992 3060 vallo
1014 2997 1393 3060 deturbavit.
1454 2997 1611 3058 Erat
1634 2997 1918 3078 objectus
1938 2996 2139 3077 portis
2168 2997 2410 3060 ericius.

281 3092 408 3154 Hic
435 3093 753 3174 paulisper
786 3097 880 3155 est
907 3097 1287 3176 pugnatum,
1322 3113 1470 3155 cum
1500 3094 1848 3174 irrumpere
1890 3094 2090 3155 nostri
2122 3114 2418 3156 conaren-

279 3190 408 3263 tur,
455 3187 550 3249 illi
593 3192 796 3250 castra
844 3189 1276 3265 defenderent,
1325 3189 1668 3252 fortissime
1720 3189 1867 3250 Tito
1897 3189 2184 3261 Pulione‚
2234 3190 2418 3270 cujus
2460 3193 2537 3251 30

281 3304 470 3364 opera
523 3285 852 3364 proditum
909 3286 1254 3348 exercitum
1313 3285 1383 3348 O.
1433 3285 1681 3346 Antoni
1737 3285 2325 3360 demonstravimuffi
2382 3305 2414 3346 e

280 3381 418 3442 1000
439 3385 914 3490 propugnante.
973 3382 1097 3444 Sed
1125 3385 1338 3444 tamen
1367 3382 1570 3443 nostri
1599 3381 1837 3443 virtute
1866 3382 2155 3443 vicerunt
2183 3382 2415 3443 exciso-

282 3496 402 3557 que
431 3476 619 3539 ericio
647 3478 854 3558 primo
895 3478 964 3539 in
995 3479 1236 3558 majora
1277 3483 1501 3554 castra,
1533 3482 1677 3558 post
1706 3478 1897 3539 etiam
1943 3477 2011 3538 in
2062 3478 2409 3552 castellum,

281 3574 451 3653 quod
481 3577 614 3636 erat
642 3573 962 3643 inclusum
991 3574 1336 3655 majoribus
1363 3574 1603 3650 castriS,
1632 3574 1999 3653 irruperunt
2028 3575 2112 3649 et,
2147 3573 2315 3658 quod
2344 3592 2415 3634 eo

279 3670 464 3750 pulsa
491 3670 656 3750 legio
763 3691 826 3732 00
868 3673 1209 3751 receperat,
1243 3671 1586 3732 nonnullos
1628 3669 1738 3731 ibi
1758 3671 2181 3749 repugnantes
2221 3667 2414 3728 inter·
2456 3671 2533 3730 35

280 3654 974 3978 fecerunssVIII.
1014 3765 1136 3829 Sed
1163 3767 1445 3841 fortuna,
1473 3785 1631 3845 quae
1658 3764 2009 3844 plurimum
2033 3765 2239 3844 potest
2267 3781 2415 3823 cum
