2734 4167
177 203 315 262 ’106
962 199 1078 251 ΠΕ
1117 198 1385 254 BELLO
1434 200 1520 254 01
1523 200 1699 254 VILI

313 362 382 424 in
429 362 684 442 reliquis
731 363 916 426 rebus
961 367 1106 426 tum
1151 364 1486 444 praecipue
1534 363 1604 426 111
1643 365 1828 440 benc,
1861 366 2069 446 parvis
2110 364 2447 429 momentis

313 478 572 540 magnas
599 479 811 523 rerum
841 459 1371 521 commutationes
1392 461 1624 539 efficit3
1652 464 1897 523 uttum
1925 463 2175 524 accidit.
2234 461 2445 524 Muni-

311 555 574 631 tionem,
621 575 812 636 quam
853 556 1168 635 pertinere
1209 577 1246 618 a
1285 557 1505 618 castris
1546 558 1627 620 ad
1666 558 1904 620 flumen
1950 578 2138 638 supra
2187 559 2445 620 demon-

313 651 671 728 stravimus,
723 653 930 716 dextri
977 652 1254 714 Caesaris
1303 672 1531 715 cornus
1578 653 1865 718 cohortes
1915 654 2277 736 ignorantia
2322 653 2446 718 loci

231 751 268 810 5
313 751 464 810 sunt
517 751 787 824 secutae,
849 768 996 810 cum
1050 753 1301 829 portam
1350 753 1724 828 quaererent
1778 753 2251 832 castrorumque
2306 771 2447 814 eam

310 845 734 908 munitionem
778 865 905 908 esse
954 847 1430 909 arbitrarentur.
1523 846 1707 922 Quod
1756 868 1902 909 cum
1952 851 2111 910 esset
2160 847 2444 910 animad-

309 961 560 1005 versum
601 943 1014 1024 conjunctam
1055 963 1184 1006 esse
1225 942 1498 1018 flumini,
1532 943 1810 1023 prorutis
1839 943 2301 1006 munitionibus
2338 945 2443 1006 de-

308 1035 610 1101 fendente
657 1040 835 1100 nullo
883 1040 1431 1115 transcenderunt,
1489 1039 1816 1120 omnisque
1864 1043 2079 1102 noster
2125 1040 2446 1121 equitatus

310 1155 410 1198 eas
465 1136 753 1198 cohortes
807 1139 902 1198 est
957 1140 1224 1198 secutus.
1315 1135 1555 1198 LXIX.
1607 1135 1875 1199 Interim
1932 1137 2268 1216 Pompeius
2322 1136 2446 1200 hac

191 1235 269 1294 10
309 1232 459 1294 satis
485 1233 676 1314 longa
703 1233 1038 1316 interjecta
1063 1252 1240 1294 mora
1268 1235 1332 1294 et
1359 1252 1427 1294 re
1454 1232 1753 1294 nuntiata
1780 1249 1827 1296 v
1846 1232 2121 1314 legiones
2149 1234 2226 1294 ab
2256 1253 2445 1313 opere

312 1330 615 1392 deductas
657 1330 936 1392 subsidio
977 1330 1106 1392 suis
1147 1329 1377 1407 duxit3
1420 1329 1761 1410 eodemque
1800 1333 2083 1409 tempore
2125 1329 2446 1410 equitatus

311 1427 451 1506 ejus
493 1427 726 1488 nostris
767 1426 1084 1508 equitibus
1133 1425 1702 1506 appropinquabat,
1748 1429 1813 1488 et
1852 1427 2014 1489 acies
2055 1419 2368 1490 instructa
2408 1447 2447 1492 a

309 1523 541 1586 nostris
569 1523 677 1603 qui
721 1527 925 1586 castra
973 1526 1434 1604 occupaverant
1478 1523 1872 1598 cernebatur,
1907 1523 2241 1604 omniaque
2291 1527 2447 1586 sunt

311 1619 520 1680 subito
561 1623 826 1682 mutata.
919 1619 1111 1700 Legio
1142 1619 1525 1700 Pompeiana
1566 1619 1782 1682 celeris
1831 1639 1937 1700 spe
1987 1619 2251 1682 subsidii
2294 1640 2447 1682 con-

192 1719 268 1778 15
309 1716 560 1778 firmata
599 1716 678 1778 ab
706 1718 1057 1778 decumana
1097 1719 1284 1796 porta
1331 1716 1617 1778 resistere
1659 1717 2005 1778 conabatur
2044 1720 2232 1797 atque
2273 1718 2447 1779 ultro

310 1811 378 1872 in
420 1815 664 1874 nostros
691 1811 1003 1892 impetum
1032 1811 1322 1876 faciebat.
1415 1812 1758 1892 Equitatus
1788 1812 2087 1899 Caesaris,
2124 1813 2293 1892 quod
2334 1833 2445 1874 an-

309 1912 496 1990 gusto
544 1908 768 1972 itinere
817 1929 930 1989 per
973 1929 1230 1992 aggeres
1279 1909 1674 1985 ascendebat,
1720 1909 2003 1989 receptui
2053 1929 2166 1970 suo
2209 1909 2445 1993 timens
2476 1941 2483 1945 ·

262 2083 266 2085 ‚
313 2005 571 2066 initium
600 2005 788 2086 fugae
816 2005 1106 2068 faciebat.
1177 2006 1495 2067 Dextrum
1522 2024 1743 2081 cornu,
1764 2006 1933 2084 quod
1960 2008 2094 2068 erat
2124 2025 2161 2066 a
2188 2005 2443 2068 sinistro

311 2103 643 2178 seclusum,
667 2106 902 2165 terrore
931 2102 1219 2182 equitum
1241 2102 1695 2177 animadverSO,
1716 2122 1795 2164 ne
1816 2101 1987 2164 intra
2013 2103 2443 2165 munitionem

187 2200 270 2260 20
311 2198 791 2278 opprimeretur,
825 2218 898 2261 ea
924 2202 1104 2279 parte
1153 2218 1346 2278 quam
1394 2201 1723 2278 proruerat
1774 2217 1903 2260 sese
1950 2198 2313 2278 recipiebat,
2369 2219 2445 2260 ac

308 2295 590 2376 plerique
618 2315 694 2357 ex
715 2294 834 2370 his,
862 2315 941 2358 ne
963 2295 1032 2356 in
1053 2295 1379 2376 angustias
1400 2293 1773 2369 inciderent,
1801 2314 1877 2356 ex
1903 2311 1950 2354 x
1972 2295 2207 2374 pedum
2234 2295 2445 2356 muni-

310 2391 482 2454 tione
511 2411 575 2454 se
603 2391 673 2452 in
700 2392 896 2454 fossas
921 2391 1446 2471 praecipitabant,
1479 2390 1825 2471 primisque
1868 2392 2175 2470 oppressis
2216 2391 2443 2471 reliqui

307 2508 422 2568 per
467 2490 698 2550 horum
747 2509 1009 2568 corpora
1055 2490 1325 2550 salutem
1380 2488 1499 2550 sibi
1548 2491 1737 2568 atque
1792 2488 2036 2550 exitum
2085 2488 2437 2569 pariebant.

311 2584 580 2646 Sinistro
630 2605 829 2646 cornu
877 2585 1133 2660 milites,
1169 2604 1316 2646 cum
1359 2603 1436 2646 ex
1484 2585 1649 2647 vallo
1695 2584 2071 2665 Pompeium
2120 2587 2331 2648 adesse
2380 2590 2446 2648 et

189 2683 266 2742 25
309 2700 454 2744 suos
500 2682 722 2762 fugere
771 2685 1119 2758 cernerent,
1154 2681 1340 2744 veriti
1374 2699 1456 2742 ne
1494 2681 1804 2762 angustiis
1841 2681 2441 2758 intercluderentur,

309 2798 458 2839 cum
506 2781 682 2840 extra
729 2782 794 2841 et
835 2778 1012 2840 intus
1053 2779 1302 2840 hostem
1343 2776 1670 2852 haberent,
1712 2778 1934 2840 eodem
1976 2798 2100 2857 quo
2141 2782 2446 2842 venerant

307 2877 566 2954 receptu
595 2873 714 2936 sibi
743 2875 1177 2950 consulebant,
1211 2873 1549 2954 omniaque
1576 2877 1758 2936 erant
1799 2875 2137 2952 tumultus,
2172 2876 2441 2952 timoris,

308 2972 498 3052 fugae
537 2972 744 3051 plena,
793 2972 947 3034 adeo
995 2975 1090 3048 ut,
1125 2991 1273 3033 cum
1318 2970 1545 3034 Caesar
1584 2971 1765 3052 signa
1806 2971 2201 3053 fugientium
2248 2993 2447 3035 manu

309 3067 644 3146 prenderet
679 3071 744 3129 et
785 3068 1120 3130 consistere
1169 3068 1439 3147 juberet,
1474 3066 1580 3128 alii
1616 3067 1902 3130 demissis
1943 3069 2139 3150 signis
2173 3069 2447 3132 eundem

189 3165 268 3224 30
310 3182 567 3224 cursum
609 3164 1048 3244 confugerent,
1083 3163 1191 3224 alii
1219 3183 1296 3224 ex
1336 3165 1515 3224 metu
1560 3163 1753 3224 etiam
1798 3164 1979 3246 signa
2018 3164 2441 3241 dimitterent,
2472 3207 2477 3211 -

309 3279 514 3340 neque
544 3260 876 3341 quisquam
906 3261 1167 3322 omnino
1197 3261 1585 3323 consisteret.
1656 3261 1862 3324 LXX.
1894 3263 2015 3324 His
2036 3262 2235 3324 tantis
2262 3263 2447 3324 malis

307 3355 464 3417 haec
506 3357 788 3418 subsidia
829 3360 1277 3421 succurrebant
1305 3359 1646 3439 quominus
1683 3359 1887 3422 omnis
1915 3361 2233 3422 deleretur
2273 3380 2444 3423 exer-

311 3451 498 3527 citus,
554 3454 724 3533 quod
779 3453 1118 3534 Pompeius
1171 3454 1434 3518 insidias
1489 3455 1739 3532 timenS,
1787 3458 2047 3534 gredo?
2061 3458 2233 3538 quod
2288 3455 2446 3520 haec

309 3549 563 3625 praeter
617 3568 791 3629 spem
863 3549 1221 3614 acciderant
1290 3552 1429 3633 ejus
1489 3554 1597 3634 qui
1652 3555 1843 3634 paulo
1898 3556 2045 3618 ante
2100 3575 2177 3618 ex
2230 3555 2451 3617 castris

191 3638 269 3700 35
309 3642 626 3722 fugientes
653 3665 796 3708 suos
837 3652 1262 3726 conspexerat,
1296 3649 1763 3712 munitionibus
1804 3651 2309 3734 appropinquare
2336 3652 2449 3713 ali·

312 3739 614 3814 quamdiu
641 3758 772 3802 non
799 3743 1089 3819 audebat,
1117 3744 1485 3826 equitesque
1512 3746 1649 3828 ejus
1678 3747 1987 3828 angustiis
2014 3752 2207 3830 atque
2235 3748 2336 3810 his
2364 3748 2445 3810 ab
