2734 4167
255 206 337 267 34
1031 204 1150 257 DE
1187 204 1443 257 BELLO
1490 204 1737 261 OImI

366 386 582 429 omnes
629 366 730 429 his
777 366 1086 449 angustiis
1134 366 1641 429 continebantur.
1730 367 1955 447 Neque
2003 366 2289 429 civitates
2338 386 2507 447 quae

366 465 448 525 ad
499 463 774 526 Caesaris
823 464 1170 526 amicitiam
1219 467 1602 527 accesserant
1650 463 2051 525 frumentum
2100 466 2498 543 supportare,

364 580 566 641 neque
608 560 654 620 ii
701 560 810 641 qui
851 562 1226 640 pabulatum
1269 560 1519 642 longius
1568 560 1877 641 progressi
1926 562 2127 634 erant,
2169 558 2506 621 interclusi

365 657 736 719 fluminibus
777 658 1025 733 reverti,
1060 677 1263 738 neque
1305 656 1567 718 maximi
1608 659 1995 719 commeatus
2038 655 2146 736 qui
2190 676 2265 719 ex
2307 654 2505 717 Italia

287 757 323 815 5
369 753 694 835 Galliaque
734 751 1069 817 veniebant
1110 754 1179 814 in
1221 756 1424 815 castra
1458 753 1783 833 pervenire
1809 756 2123 833 poterant.
2218 752 2504 831 Tempus

370 853 504 912 erat
552 854 767 912 autem
808 850 1276 925 difficillimum,
1311 870 1436 930 quo
1484 869 1688 930 neque
1734 849 2060 911 frumenta
2107 848 2174 908 in
2217 847 2505 910 hibernis

370 949 549 1009 erant
597 966 798 1027 neque
845 948 1127 1009 multum
1167 966 1205 1007 a
1233 945 1614 1019 maturitate
1655 947 1934 1021 aberant,
1968 966 2040 1007 ac
2082 944 2368 1008 civitates
2398 966 2505 1008 ex-

368 1042 668 1119 inanitae,
703 1044 873 1124 quod
908 1043 1213 1105 Afranius
1260 1062 1459 1123 paene
1500 1062 1687 1105 omne
1726 1043 2125 1105 frumentum
2168 1046 2315 1103 ante
2346 1041 2505 1105 an-

369 1139 520 1201 saris
565 1140 911 1203 adventum
952 1140 1227 1203 Ilerdam
1269 1144 1661 1218 convexerat,
1695 1140 1922 1221 reliqui
1964 1139 2016 1201 si
2058 1138 2214 1220 quid
2261 1139 2498 1215 fuerat,

249 1241 326 1299 10
372 1238 595 1301 Caesar
635 1238 1059 1319 superioribus
1100 1239 1319 1301 diebus
1361 1241 1871 1319 consumpserat;
1911 1256 2154 1318 pecora,
2190 1239 2361 1317 quod
2412 1258 2505 1300 se-

369 1338 652 1398 cundum
679 1339 926 1416 poterat
954 1356 1082 1398 esse
1123 1335 1371 1415 inopiae
1400 1336 1769 1411 subsidium,
1802 1337 2061 1416 propter
2092 1334 2331 1397 bellum
2358 1332 2506 1393 fini-

370 1434 562 1496 timae
611 1433 896 1495 civitates
943 1431 1194 1513 longius
1241 1435 1654 1495 removerant.
1746 1431 1869 1507 Qui
1924 1434 2106 1495 erant
2152 1430 2504 1511 pabulandi

371 1534 482 1590 aut
529 1527 964 1591 frumentandi
1008 1548 1194 1590 causa
1240 1528 1568 1609 progressi,
1602 1528 1716 1589 hos
1744 1528 1896 1591 levis
1938 1532 2290 1589 armaturae
2320 1526 2506 1587 Lusi-

371 1626 506 1687 tani
553 1624 864 1705 peritique
913 1644 1130 1687 earum
1177 1624 1509 1706 regionum
1556 1625 1777 1687 cetrati
1826 1624 2129 1687 citerioris
2158 1623 2507 1703 Hispaniae

253 1724 328 1783 15
372 1720 930 1798 consectabantur3
973 1719 1202 1800 quibus
1251 1723 1385 1782 erat
1422 1720 1699 1800 proclive
1742 1723 1989 1782 tranare
2029 1719 2291 1795 flumen,
2334 1721 2507 1799 quod

372 1818 758 1881 consuetudo
786 1837 1003 1879 eorum
1032 1816 1318 1877 omnium
1346 1819 1461 1893 est,
1494 1821 1569 1878 ut
1611 1817 1744 1879 sine
1774 1817 2021 1878 utribus
2048 1817 2130 1877 ad
2158 1815 2507 1878 exercitum

372 1934 498 1975 non
544 1918 707 1977 eant.
797 1914 1036 1975 XLIX.
1087 1912 1178 1973 At
1205 1912 1515 1975 exercitus
1542 1912 1771 1975 Afrani
1814 1913 2101 1974 omnium
2143 1932 2355 1974 rerum
2398 1912 2506 1973 ab-
2574 1951 2597 1955 --

373 2012 655 2073 undabat
683 2010 879 2090 copia.
970 2010 1254 2071 Multum
1295 2011 1428 2071 erat
1460 2010 1857 2071 frumentum
1886 2008 2208 2089 provisum
2250 2012 2313 2069 et
2356 2028 2507 2070 con-

373 2110 626 2170 vectum
654 2106 1075 2186 superioribus
1102 2106 1508 2215 temporibus,
1542 2106 1820 2166 multum
1862 2125 1937 2167 ex
1980 2105 2153 2165 omni
2180 2104 2507 2185 provincia

255 2209 334 2267 20
375 2204 921 2284 comportabatur3
977 2222 1208 2284 magna
1255 2202 1435 2282 copia
1481 2202 1697 2282 pabuli
1751 2202 2141 2281 suppetebat.
2253 2201 2506 2261 Harum
2632 2281 2638 2285 ι

375 2301 662 2362 omnium
709 2321 921 2364 rerum
967 2300 1300 2361 facultates
1357 2298 1491 2360 sine
1547 2298 1677 2359 ullo
1725 2298 2005 2377 periculo
2053 2317 2213 2377 pons
2261 2297 2507 2359 Ilerdae

376 2398 710 2479 praebebat
750 2400 814 2460 et
853 2398 990 2459 loca
1029 2401 1204 2457 trans
1244 2396 1483 2457 fiumen
1524 2395 1789 2476 integra,
1826 2415 1949 2476 quo
1992 2394 2251 2455 omnino
2283 2394 2511 2457 Caesar

377 2496 548 2557 adire
596 2515 726 2556 non
764 2497 1029 2574 poterat.
1121 2490 1191 2553 L.
1243 2492 1383 2553 Hae
1424 2494 1903 2571 permanserunt
1945 2510 2141 2571 aquae
2171 2489 2302 2553 dies
2337 2510 2507 2553 com-

377 2593 604 2673 plures,
696 2590 974 2651 Conatus
1015 2592 1108 2651 est
1151 2588 1375 2650 Caesar
1414 2587 1665 2649 reficere
1692 2591 1935 2667 ponteS,
1970 2588 2078 2650 sed
2105 2606 2221 2649 nec
2263 2586 2509 2668 magni-

257 2694 335 2752 25
379 2690 535 2750 tudo
557 2687 838 2749 fluminis
864 2686 1272 2767 permittebat
1299 2703 1503 2763 neque
1532 2684 1613 2745 ad
1633 2683 1837 2764 ripam
1859 2684 2193 2764 dispositae
2220 2685 2511 2746 cohortes

379 2783 871 2846 adversariorum
899 2780 1112 2862 perfici
1140 2780 1583 2860 patiebantur3
1627 2781 1796 2860 quod
1836 2771 1962 2842 illis
2001 2781 2331 2861 prohibere
2372 2783 2510 2843 erat

377 2880 584 2955 iacile,
617 2899 765 2941 cum
790 2878 987 2958 ipsius
1013 2876 1296 2938 fluminis
1323 2879 1553 2937 natura
1592 2880 1781 2956 atque
1816 2896 2013 2957 aquae
2040 2877 2504 2958 magnitudine,

378 2981 522 3039 tum
548 2976 717 3057 quod
744 2996 819 3037 ex
846 2974 998 3035 totis
1023 2973 1178 3052 ripis
1205 2973 1274 3034 in
1301 2994 1505 3035 unum
1546 2977 1734 3054 atque
1776 2977 2117 3054 angustum
2144 2975 2355 3035 locum
2381 2974 2513 3035 tela

377 3074 808 3155 jaciebantur3
849 3074 1036 3151 atque
1077 3073 1209 3133 erat
1237 3070 1490 3132 difficile
1530 3071 1750 3132 eodem
1789 3074 2071 3149 tempore
2114 3070 2511 3150 rapidissimo

260 3174 338 3233 30
379 3169 640 3231 flumine
663 3188 849 3249 opera
868 3168 1161 3247 perficere
1189 3170 1254 3229 et
1280 3168 1409 3229 tela
1434 3166 1650 3230 vitare.
1715 3168 1824 3229 LI.
1861 3166 2219 3229 Nuntiatur
2238 3165 2511 3227 Afranio

379 3286 640 3348 magnos
682 3268 1086 3340 commeatus,
1121 3264 1230 3345 qui
1272 3264 1395 3327 iter
1433 3264 1749 3327 habebant
1790 3266 1871 3325 ad
1900 3264 2245 3339 Caesarem,
2278 3265 2359 3324 ad
2392 3265 2512 3325 flu-

379 3383 526 3425 men
555 3362 921 3425 constitisse.
1012 3361 1335 3423 Venerant
1376 3380 1447 3430 eo
1490 3361 1799 3442 sagittarii
1840 3380 1917 3422 ex
1946 3359 2236 3435 Rutenis,
2270 3360 2513 3440 equites

381 3481 458 3522 ex
487 3451 692 3520 Gallia
718 3476 865 3519 cum
893 3458 1114 3518 multis
1142 3456 1332 3518 carris
1361 3458 1729 3537 magnisque
1757 3457 2248 3537 impedimentis,
2281 3461 2356 3520 ut
2384 3458 2513 3520 sert

385 3556 624 3616 Gallica
652 3555 1057 3615 consuetudo,
1127 3554 1331 3613 Erant
1356 3555 1675 3632 praeterea
1703 3554 2006 3635 cujusque
2033 3554 2280 3635 generis
2307 3553 2512 3615 homi-

264 3656 342 3713 35
382 3671 542 3711 num
569 3651 746 3711 milia
772 3650 1022 3711 circiter
1048 3667 1126 3711 VI
1155 3670 1302 3711 cum
1330 3649 1519 3711 servis
1540 3650 1911 3731 liberisque3
1952 3653 2060 3713 sed
2086 3653 2304 3715 nullus
2332 3654 2505 3729 ordo,

384 3748 636 3807 nullum
664 3745 1005 3824 imperium
1034 3749 1297 3822 certum,
1332 3766 1480 3807 cum
1506 3766 1620 3808 suo
1650 3748 1910 3828 quisque
1938 3750 2200 3811 consilio
2224 3752 2511 3813 uteretur
