2734 4167
797 216 1029 269 GOMM.
1068 217 1119 268 I.
1163 214 1326 267 GAP.
1369 214 1521 265 LXI
1523 214 1846 268 V—LXIX.
2348 220 2422 277 41

163 382 457 463 Uterque
485 379 658 443 idem
686 379 818 443 suis
857 379 1223 442 renuntiat:
1265 396 1312 441 v
1340 378 1518 440 milia
1556 399 1859 460 passuum
1884 378 2175 460 proxima
2214 380 2310 441 in-

167 480 486 543 tercedere
535 477 784 540 itineris
833 477 1221 558 campestris,
1271 476 1421 539 inde
1471 476 1752 557 excipere
1795 478 1933 544 loca
1978 497 2197 557 aspera
2244 481 2309 539 et

163 578 546 652 montuosa3
590 574 702 654 qui
730 573 902 654 prior
929 573 1043 636 has
1085 573 1411 655 angustias
1440 573 1862 652 occupaverit,
1896 575 1975 636 ab
2018 573 2139 635 hoc
2166 574 2308 636 hos-

165 676 300 733 tem
340 670 670 752 prohiberi
718 670 881 731 nihil
928 691 1057 733 esse
1101 670 1360 753 negotii.
1478 669 1751 733 LXVII.
1801 670 2186 751 Disputatur
2240 671 2309 732 in

167 767 428 830 consilio
479 768 560 829 ab
612 766 858 829 Petreio
915 770 1104 849 atque
1130 766 1425 829 Afranio
1474 770 1539 829 et
1593 770 1845 847 tempus
1899 766 2309 847 profectionis
2391 772 2425 829 5

168 863 516 944 quaeritur.
599 862 886 944 Plerique
917 865 1256 926 censebant
1282 868 1358 925 ut
1395 866 1589 925 noctu
1618 862 1742 925 iter
1766 863 2048 927 facerent
2073 886 2087 925 ε
2128 884 2308 945 posse

165 960 342 1039 prius
371 962 456 1021 ad
485 960 813 1041 angustias
840 960 1042 1025 veniri
1077 981 1267 1041 quam
1296 961 1653 1023 sentiretur.
1727 960 1879 1038 Alii,
1908 962 2078 1042 quod
2105 961 2308 1042 pridie

167 1060 363 1119 noctu
421 1057 895 1119 conclamatum
963 1061 1122 1120 esset
1176 1057 1247 1118 in
1304 1044 1583 1120 Caesaris
1644 1058 1884 1134 castriS,
1948 1058 2307 1139 argumenti

168 1154 508 1216 sumebant
554 1155 694 1215 loco
742 1173 872 1215 non
920 1174 1098 1235 posse
1140 1155 1304 1215 013111
1353 1154 1528 1217 exiri.
1622 1153 2071 1216 Circumfundi
2112 1158 2308 1216 noctu

167 1251 530 1332 equitatum
561 1248 839 1313 Caesaris
867 1253 1058 1331 atque
1089 1250 1303 1311 omnia
1328 1250 1468 1313 loca
1496 1252 1685 1331 atque
1714 1250 1943 1313 itinera
1984 1250 2265 1313 obsidere
2291 1274 2308 1330 3
2352 1256 2428 1313 10

166 1352 610 1428 nocturnaque
636 1347 874 1428 proelia
915 1368 1046 1411 esse
1087 1347 1372 1423 vitanda,
1408 1348 1577 1428 quod
1616 1348 1990 1429 perterritus
2020 1348 2199 1411 miles
2240 1348 2309 1409 in

165 1444 338 1508 civili
370 1444 758 1507 dissensione
787 1443 1003 1505 timori
1032 1444 1236 1526 magis
1265 1464 1455 1525 quam
1484 1443 1773 1525 religioni
1802 1445 2123 1507 consulere
2165 1465 2310 1507 con-

167 1542 385 1604 suerit.
482 1540 574 1602 At
615 1542 822 1603 lucem
851 1542 1133 1603 multum
1159 1560 1273 1621 per
1301 1560 1364 1603 se
1407 1542 1713 1621 pudorem
1756 1540 2043 1603 omnium
2086 1542 2303 1617 oculis,

164 1640 453 1701 multum
505 1637 700 1700 etiam
743 1638 1149 1700 tribunorum
1199 1637 1481 1699 militum
1532 1640 1596 1699 ct
1645 1638 2092 1699 centurionum
2135 1658 2309 1719 prae-

163 1736 439 1799 sentiam
469 1736 730 1811 afferre3
773 1735 1002 1815 quibus
1045 1737 1232 1799 rebus
1277 1733 1547 1797 coerceri
1596 1729 1833 1797 milites
1876 1738 1939 1797 et
1988 1735 2058 1795 in
2106 1737 2309 1798 officio
2353 1739 2428 1797 15

162 1830 479 1895 contineri
531 1831 790 1893 soleant.
883 1830 1086 1906 Quare
1137 1830 1310 1892 omni
1360 1831 1603 1892 ratione
1660 1851 1789 1894 esse
1843 1831 2125 1893 interdiu
2172 1854 2311 1913 per-

160 1928 646 2009 rumpendum3
688 1927 804 1991 etsi
833 1928 1044 2010 aliquo
1087 1930 1344 2008 accepto
1375 1927 1776 2004 detrimento,
1808 1932 2023 1991 tamen
2066 1950 2312 1993 summa

159 2024 484 2087 exercitus
513 2025 684 2086 salva
709 2026 921 2085 locum
964 2042 1152 2105 quem
1194 2025 1421 2103 petant
1448 2024 1587 2103 capi
1615 2044 1813 2104 posse.
1906 2025 2081 2087 Haec
2108 2015 2311 2089 vincit

157 2122 234 2183 in
283 2122 554 2185 consilio
633 2122 937 2197 ententia,
993 2124 1058 2183 et
1107 2120 1313 2199 prima
1360 2122 1501 2183 luce
1548 2122 1852 2201 postridie
1909 2124 2309 2185 constituunt

155 2218 504 2299 proficisci.
612 2217 918 2279 LXVIII.
971 2217 1197 2279 Caesar
1250 2216 1588 2297 exploratis
1642 2216 2004 2298 regionibus
2060 2220 2309 2281 albente
2352 2224 2430 2282 20
2506 2212 2523 2228 ⁶

158 2316 337 2377 03010
366 2334 588 2376 01111103
630 2314 837 2395 copias
884 2314 1106 2377 castris
1151 2313 1366 2376 educit
1412 2332 1767 2395 magnoque
1812 2314 2083 2377 circuitu
2132 2316 2311 2377 nullo

159 2414 338 2472 certo
384 2410 614 2472 itinere
670 2410 1017 2473 exercitum
1067 2410 1266 2473 ducit.
1357 2409 1528 2471 Nam
1578 2430 1735 2491 quae
1784 2410 2015 2473 itinera
2062 2412 2144 2473 ad
2193 2412 2311 2472 Hi-

159 2509 392 2569 berum
433 2510 646 2587 atque
669 2506 1041 2589 Octogesam
1088 2506 1495 2587 pertinebant
1536 2508 1756 2569 castris
1794 2509 2077 2571 hostium
2119 2530 2310 2590 oppo-

163 2604 306 2665 sitis
333 2603 734 2665 tenebantur.
826 2601 958 2683 Ipsi
987 2605 1170 2665 erant
1208 2604 1745 2667 transcendendae
1778 2606 1969 2668 valles
2003 2606 2311 2669 maximae

165 2722 240 2763 ae
267 2700 700 2777 difficillimae,
734 2719 882 2763 saxa
908 2700 1132 2763 multis
1157 2700 1312 2763 locis
1339 2705 1681 2781 praerupta
1708 2702 1831 2765 iter
1856 2704 2304 2783 impediebant,
2352 2709 2429 2765 25

165 2800 244 2858 ut
271 2817 449 2859 arma
476 2817 591 2877 per
615 2798 842 2862 manus
879 2797 1228 2863 necessario
1254 2799 1661 2860 traderentur
1700 2799 2055 2881 militesque
2083 2801 2311 2864 inermi

165 2892 604 2974 sublevatique
631 2894 739 2955 alii
768 2895 847 2957 ab
869 2894 1008 2957 aliis
1036 2914 1336 2977 magnam
1358 2898 1607 2975 partem
1628 2894 1873 2957 itineris
1904 2898 2302 2960 conficerent.

170 2990 296 3053 Sed
335 2990 515 3051 hunc
556 2989 833 3052 laborem
873 2992 1200 3052 recusabat
1241 3011 1451 3067 nem0,
1500 2992 1670 3071 quod
1712 3009 1873 3053 eum·
1900 2994 2186 3054 omnium
2218 2991 2311 3055 la-

167 3088 398 3149 borum
438 3087 634 3149 finem
673 3088 808 3150 fore
852 3087 1318 3163 existimabant,
1354 3087 1407 3149 si
1451 3087 1698 3149 hostem
1728 3089 1967 3150 Hibero
2009 3089 2310 3151 interclu-

171 3184 318 3245 dere
376 3187 440 3246 et
490 3182 814 3246 frumento
859 3183 1191 3265 prohibere
1217 3186 1601 3265 potuissent.
1686 3188 1925 3250 LXIX.
1978 3189 2075 3249 Ac
2104 3186 2310 3267 primo
2352 3192 2428 3249 30
2503 3208 2544 3227 ·
2591 3200 2637 3215 ··

170 3278 512 3341 Afraniani
540 3278 776 3341 milites
801 3279 1047 3342 visendi
1076 3298 1264 3343 eausa
1291 3278 1444 3341 laeti
1488 3299 1564 3341 ex
1606 3281 1825 3342 castris
1852 3283 2309 3361 procurrebant

171 3374 766 3456 contumeliosisque
808 3376 1686 3463 vocibus-prosequebantur:
1728 3378 2056 3441 necessarii
2101 3379 2305 3441 vietus

169 3470 387 3550 inopia
414 3473 662 3532 coactos
689 3472 909 3554 fugere
946 3476 1140 3552 >atque
1183 3474 1260 3535 ad
1310 3473 1584 3535 Ilerdam
1611 3474 1860 3537 reverti.
1952 3477 2109 3537 Erat
2137 3476 2309 3537 enim

169 3568 292 3628 iter
319 3587 360 3628 a
395 3567 722 3648 proposito
752 3567 1092 3644 diversum,
1127 3570 1632 3651 contrariamque
1660 3571 1729 3631 in
1758 3575 2003 3651 partem
2033 3571 2111 3631 iri
2140 3572 2309 3633 vide-

171 3664 380 3727 batur.
449 3664 660 3727 Duces
681 3684 828 3727 vero
857 3684 1074 3727 eorum
1103 3666 1441 3727 consilium
1471 3687 1660 3727 suum
1680 3667 1975 3728 laudibus
1996 3668 2302 3742 ferebant,
2352 3672 2429 3728 35

170 3760 344 3843 quod
391 3781 456 3825 se
503 3760 726 3823 castris
771 3760 1165 3839 tenuissent3
1219 3762 1630 3841 ‚multumque
1678 3780 1895 3821 eorum
1944 3758 2309 3837 opinionem
