2734 4167
245 181 338 241 56,
436 150 440 155 ’
997 176 1114 228 DE
1151 176 1418 229 BELLo
1466 156 1733 230 olvat

1432 313 1462 331 'a

363 344 604 403 structo
631 343 820 417 tecto,
841 342 918 403 ut
945 342 1151 403 trabes
1179 332 1444 421 emntffi
1474 341 1775 421 capreolis
1802 342 2158 418 collocatae,
2182 342 2490 406 lateribus

359 439 623 519 lutoque
663 438 1008 513 musculus,
1041 440 1118 498 ut
1161 422 1238 498 ab
1279 438 1414 519 igni
1464 438 1571 518 qui
1620 458 1695 499 ex
1740 458 1921 500 muro
1949 440 2263 519 jaceretur
2302 442 2491 502 tutus

361 538 542 610 esset,
577 535 952 616 contegitur.
1044 533 1244 615 Super
1269 533 1495 597 lateres
1536 534 1706 595 coria
1742 535 2157 611 inducuntur,
2192 555 2271 598 ne
2300 556 2489 598 cana-

360 632 527 694 libus
555 651 716 712 aqua
755 631 1036 693 immissa
1061 630 1286 692 lateres
1313 631 1551 692 diluere
1585 634 1811 710 posset.
1903 630 2091 692 Coria
2132 633 2366 707 autem,
2405 652 2489 695 ne

283 732 320 793 5
361 746 576 791 rursus
622 728 762 810 igni
815 748 888 790 ac
931 727 1246 807 lapidibus
1295 731 1801 807 corrumpantur,
1851 727 2227 791 centonibus
2271 732 2491 791 conte-

360 828 619 907 guntur.
711 825 854 887 Hoc
897 843 1055 904 opus
1101 828 1289 886 omn'e
1335 826 1579 885 tectum
1626 824 1825 886 vineis
1872 825 1954 886 ad
2002 823 2206 905 ipsam
2252 825 2491 887 turrim

359 920 703 1002 perficiunt
750 920 1082 1002 subitoque
1134 919 1622 1002 inopinantibus
1676 920 1961 983 hostibus
2015 920 2490 983 machinatione

361 1017 590 1093 navali,
622 1018 954 1099 phalangis
981 1017 1300 1098 subiectis,
1337 1018 1420 1079 ad
1445 1017 1676 1079 turrim
1704 1017 1987 1079 hostium
2015 1018 2377 1095 admovent,
2412 1021 2492 1079 ut

362 1113 648 1176 aedificio
672 1114 998 1196 jungatur.
1085 1113 1202 1176 XI.
1239 1113 1379 1189 Quo
1406 1114 1572 1175 malo
1597 1113 1917 1194 perterriti
1946 1114 2155 1175 subito
2182 1114 2490 1194 oppidani

243 1214 323 1274 10
363 1230 512 1273 saxa
551 1230 741 1291 quam
785 1210 1061 1273 maxima
1105 1214 1369 1291 possunt
1419 1209 1701 1273 vectibus
1754 1213 2134 1291 promovent
2180 1211 2491 1292 praecipi-

361 1310 619 1388 tataque
646 1326 828 1368 muro
869 1306 938 1367 in
979 1308 1338 1369 musculum
1369 1307 1732 1369 devolvunt.
1823 1305 2037 1369 Ictum
2062 1306 2330 1369 firmitas
2358 1326 2492 1369 ma-

361 1404 558 1465 teriae
585 1403 873 1479 sustinet,
909 1406 974 1465 et
1002 1403 1311 1483 quidquid
1336 1402 1567 1464 incidit
1592 1401 1848 1483 fastigio
1892 1402 2162 1465 musculi
2192 1402 2482 1491 elabitur.

347 1501 442 1562 -Id
485 1500 597 1561 ubi
637 1500 877 1575 vident,
912 1503 1169 1561 mutant
1213 1499 1591 1576 consilium3
1634 1518 1825 1579 cupas
1867 1500 2055 1587 taeda
2098 1518 2171 1561 ac
2214 1499 2353 1579 pice
2395 1520 2491 1563 re-

362 1596 559 1659 fertas
587 1596 941 1659 incendunt
985 1614 1207 1676 easque
1237 1596 1315 1657 de
1355 1584 1543 1656 'muro
1592 1594 1661 1655 in
1704 1595 2067 1657 musculum
2118 1596 2482 1659 devolvunt.

244 1697 320 1756 15
363 1693 696 1755 Involutae
713 1726 716 1731 -
736 1693 1059 1767 labuntur,
1095 1692 1381 1771 delapsae
1422 1711 1461 1753 a
1499 1691 1803 1753 lateribus
1830 1690 2141 1772 longuriis
2166 1691 2490 1773 furcisque

363 1791 442 1851 ab
470 1808 652 1868 opere
679 1791 1103 1851 removentur.
1195 1788 1464 1850 Interim
1492 1789 1607 1849 sub
1629 1788 1915 1849 musculo
1943 1787 2178 1850 milites
2206 1788 2491 1853 vectibus

361 1885 584 1947 infima
623 1906 770 1949 saxa
802 1886 997 1947 turris
1024 1884 1326 1960 hostium,
1363 1884 1591 1965 quibus
1617 1884 2039 1945 fundamenta
2078 1883 2492 1947 contineban-

363 1987 494 2060 tur,
539 1983 922 2046 convellunt.
1014 1981 1339 2043 Musculus
1382 2001 1457 2043 ex
1484 1980 1648 2042 turri
1676 1979 1957 2041 latericia
1999 2000 2037 2041 a
2075 1981 2306 2042 nostris
2347 1983 2492 2046 telis

361 2080 820 2160 tormentisque
849 2078 1263 2155 defenditur3
1303 2078 1516 2140 hostes
1558 2097 1634 2139 ex
1676 2096 1857 2137 muro
1900 2096 1973 2138 ac
1998 2077 2281 2139 turribus
2322 2096 2491 2140 sum-

243 2180 323 2239 20
363 2180 739 2254 moventur3
767 2195 899 2236 non
931 2175 1120 2235 datur
1147 2174 1343 2236 libera
1370 2175 1537 2236 muri
1560 2176 1939 2239 defendendi
1962 2178 2251 2241 facultas.
2306 2178 2492 2241 Com-

363 2274 650 2354 pluribus
677 2272 809 2355 jam
835 2270 1152 2352 lapidibus
1195 2290 1271 2333 ex
1311 2290 1385 2333 ea
1426 2290 1583 2352 quae
1636 2274 1887 2335 suberat
1928 2274 2089 2334 turri
2135 2275 2485 2351 subductiS‚

363 2369 696 2449 repentina
731 2368 916 2430 ruina
951 2387 1095 2448 pars
1139 2368 1276 2448 ejus
1309 2367 1504 2429 turris
1546 2368 1845 2444 concidit,
1878 2388 2022 2449 pars
2062 2370 2304 2451 reliqua
2344 2390 2492 2433 con-

363 2484 626 2546 sequens
652 2466 1125 2545 procumbebat,
1160 2483 1308 2557 cum
1335 2464 1547 2527 hostes
1579 2464 1752 2530 urbis
1780 2465 2133 2545 direptione
2169 2466 2492 2547 perterriti

363 2562 634 2624 inermes
675 2582 823 2624 cum
866 2561 1090 2623 infulis
1129 2580 1192 2623 se
1232 2562 1417 2640 porta
1458 2560 1626 2638 foras
1668 2561 1942 2624 universi
1986 2563 2370 2661 Profipjffllss,
2409 2565 2492 2627 ad

244 2662 322 2719 25
361 2658 602 2739 legatos
656 2666 844 2739 atque
899 2654 1244 2721 exercitum
1300 2658 1614 2737 supplices
1668 2677 1893 2720 manus
1939 2648 2237 2722 tendunt.
2328 2660 2484 2724 XII.

367 2758 505 2833 Qua
531 2778 694 2820 nova
724 2778 792 2820 re
829 2758 1040 2819 oblata
1081 2757 1283 2819 omnis
1325 2756 1791 2819 administratio
1818 2757 1968 2819 belli
2002 2758 2295 2821 consistit
2322 2760 2493 2822 mili-

364 2858 581 2934 tesque
611 2854 808 2916 aversi
837 2873 874 2914 a
901 2854 1136 2934 proelio
1165 2854 1246 2915 ad
1287 2854 1575 2915 studium
1620 2853 1923 2915 audiendi
1971 2857 2036 2916 et
2073 2858 2493 2937 cognoscendi

364 2950 680 3013 feruntur.
722 2943 744 2967 ⁹
784 2950 913 3012 Ubi
969 2950 1195 3035 hostes·
1237 2950 1318 3010 ad
1371 2950 1609 3031 legatos
1630 3018 1642 3029 ,
1664 2950 2133 3032 exercitumque
2194 2955 2494 3031 pervene-

365 3045 541 3124 runt,
583 3046 858 3109 universi
901 3066 964 3108 se
1012 3046 1094 3107 ad
1141 3046 1330 3125 pedes
1376 3045 1772 3135 projiciunt3
1829 3048 2013 3136 orant
2060 3050 2135 3107 ut
2184 3048 2495 3111 adventus

247 3144 325 3202 30
369 3142 645 3205 Caesaris
703 3145 1114 3222 exspectetur.
1208 3140 1702 3228 Captam‘suam
1726 3141 1969 3221 ,urbem
2012 3142 2263 3221 videre3
2306 3165 2496 3225 opera

365 3239 667 3317 perfecta,
701 3237 932 3300 turrim
973 3223 1341 3313 subrutam3
1383 3236 1595 3317 itaque
1643 3238 1721 3298 ab
1764 3238 2128 3300 defensione
2172 3238 2486 3307 desistere.

367 3334 630 3396 Nullam
685 3333 913 3397 exoriri
957 3352 1199 3395 moram
1245 3350 1444 3412 posse,
1500 3326 1857 3413 quominus,
1909 3354 2058 3395 cum
2100 3334 2391 3419 venisset,
2444 3336 2495 3398 si

364 3428 671 3508 imperata
713 3449 843 3490 non
897 3430 1180 3491 facerent
1225 3428 1305 3489 ad
1348 3431 1603 3503 nutum,
1652 3448 1687 3490 e
1730 3406 2488 3514 vestigiffifiperentur.

367 3523 639 3600 Docent,
673 3524 725 3585 si
753 3526 1014 3585 omnino
1040 3523 1237 3585 turris
1277 3523 1673 3600 concidisset,
1706 3544 1838 3586 non
1868 3544 2045 3605 posse
2074 3527 2311 3590 milites
2350 3540 2500 3591 con-

245 3620 325 3677 35
365 3618 554 3680 tineri
605 3620 761 3699 quin
806 3640 914 3699 spe
959 3620 1225 3700 praedae
1273 3619 1343 3679 in
1399 3620 1621 3682 urbem
1676 3620 2105 3713 irrumperent
2151 3624 2499 3705 urbemque

367 3712 664 3776 delerent.
760 3714 936 3776 Haec
964 3717 1152 3794 atque
1181 3714 1467 3794 ejusdem
1509 3717 1757 3796 generis
1798 3719 2126 3798 complura
2152 3722 2228 3781 ut
2268 3720 2348 3782 ab
2382 3720 2497 3783 ho-
