2734 4167
922 222 1158 276 COMM.
1196 223 1316 276 ΙΙΙ.
1358 203 1545 328 QAP3.
1538 223 1953 297 ‚MV—DX
2088 303 2105 342 :
2115 256 2146 301 ο,
2090 237 2188 343 :3
2216 240 2237 314 3
2427 227 2539 287 101

275 384 546 448 Clodius
583 387 776 449 refert
803 407 877 448 ac
904 386 1125 467 primis
1166 387 1408 464 diebus,
1427 329 1517 449 ·Ut
1544 326 1897 465 videbatur,
1904 311 2203 452 libenter
2243 337 2421 451 audi-

271 485 405 558 tne,
427 483 684 564 reliquis
711 485 793 545 ad
825 483 1208 564 colloquium
1235 504 1365 545 non
1394 484 1761 546 admittitur
1788 485 2096 567 castigato
2128 485 2419 566 Scipione

275 597 316 638 a
343 577 644 655 Favoni0‚
671 583 746 640 ut
774 583 992 660 postea
1010 580 1308 642 consecto
1335 581 1502 642 bello
1539 581 2021 662 reperiebamus,
2056 583 2418 664 infectaque

273 693 343 737 re
373 695 503 737 sese
531 677 612 737 ad
642 675 970 739 Caesarem
997 677 1254 758 recepit.
1361 677 1372 684 '

358 771 601 834 LVIII.
654 772 897 849 Caesar,
951 793 1076 854 quo
1122 772 1373 836 facilius
1427 732 1784 856 equitatum
1835 776 2292 856 Pompeianum
2336 777 2417 838 ad
2498 781 2537 838 5

275 867 752 951 Dyrrhachium
800 869 1154 932 contineret
1202 873 1269 933 et
1316 871 1723 951 pabulatione
1772 873 2155 952 prohiberet,
2205 873 2417 934 aditus

275 965 455 1040 (11108,
490 984 646 1045 quos
689 985 817 1028 esse
860 969 1159 1048 angustos
1204 966 1792 1043 demonstravimus,
1832 969 2079 1050 magnis
2122 969 2416 1049 operibus

275 1061 705 1141 praemunivit
759 1063 1132 1143 castellaque
1187 1063 1288 1125 his
1340 1063 1497 1126 locis
1552 1064 1782 1144 posuit.
1891 1064 2249 1146 Pompeius,
2303 1065 2415 1126 ubi

273 1158 442 1219 nihil
496 1157 718 1239 profici
776 1158 1064 1241 equitatu
1119 1159 1435 1240 cognovit,
1495 1160 1714 1241 paucis
1767 1160 2139 1224 intermissis
2194 1160 2415 1223 diebus

273 1274 531 1316 rursum
574 1275 721 1317 eum
764 1255 1030 1318 navibus
1075 1255 1154 1316 ad
1183 1275 1248 1317 se
1276 1254 1447 1316 intra
1490 1255 1879 1319 munitiones
1921 1257 2167 1338 recipit.
2257 1257 2417 1318 Erat
2456 1260 2535 1319 10

275 1371 526 1413 summa
551 1351 776 1432 inopia·
794 1351 1035 1431 pabuli,
1069 1353 1226 1414 adeo
1262 1355 1339 1413 ut
1383 1352 1554 1414 foliis
1582 1373 1657 1414 ex
1701 1354 2027 1416 arboribus
2070 1353 2306 1416 strictis
2349 1356 2415 1415 et

271 1448 508 1511 teneris
555 1449 939 1510 arundinum
996 1449 1312 1512 radicibus
1369 1449 1651 1512 contusis
1705 1470 1896 1531 equos
1952 1451 2239 1528 alerent3
2278 1449 2413 1510 fru-

271 1547 494 1606 menta
531 1543 699 1606 enim
742 1564 900 1624 quae
927 1544 1185 1606 fuerant
1225 1544 1397 1606 intra
1437 1545 1825 1608 munitiones
1852 1550 1989 1608 sata
2014 1565 2413 1625 consumpse-

269 1645 438 1703 rant.
531 1641 935 1722 Cogebantur
955 1640 1230 1722 Corcyra
1257 1645 1447 1722 atque
1469 1640 1829 1704 Acarnania
1855 1644 2044 1725 longo
2072 1643 2412 1723 interjecto

270 1737 697 1820 navigationis
742 1737 949 1818 spatio
999 1738 1307 1819 pabulum
1352 1742 1748 1820 supportare,
1782 1741 2074 1821 quodque
2111 1741 2246 1802 erat
2273 1739 2412 1820 ejus
2456 1741 2530 1800 15

271 1834 366 1896 rei
395 1835 607 1897 minor
626 1834 826 1914 copia,
851 1834 1090 1896 hordeo
1117 1835 1429 1915 adaugere
1458 1838 1647 1915 atque
1667 1834 1768 1896 his
1791 1834 2141 1897 rationibus
2168 1834 2412 1915 equita-
2458 1825 2463 1828 ¹

271 1936 418 1993 tum
441 1931 723 1992 tolerare.
782 1929 906 1992 Sed
924 1933 1261 2010 postquam
1282 1951 1413 1990 non
1435 1932 1622 1991 modo
1643 1930 1953 1992 hordeum
1979 1931 2411 2010 pabulumque

273 2027 570 2088 omnibus
597 2026 750 2088 locis
776 2027 1129 2108 herbaeque
1158 2027 1462 2102 desectae,
1496 2028 1606 2089 sed
1633 2027 1827 2090 etiam
1854 2028 2031 2090 frons
2059 2047 2136 2089 ex
2176 2027 2410 2089 arbori-

270 2124 392 2186 bus
419 2123 771 2199 deficiebat,
805 2123 1122 2202 corruptis
1149 2122 1326 2203 equis
1352 2122 1553 2184 macie
1599 2125 1960 2185 conandum
2001 2123 2121 2186 sibi
2169 2123 2411 2204 aliquid

275 2219 614 2300 Pompeius
641 2220 721 2282 de
747 2219 1077 2300 eruptione
1105 2218 1507 2281 existimavit.
1599 2219 1771 2282 LIX.
1823 2220 2028 2280 Erant
2054 2221 2226 2302 apud
2256 2219 2409 2282 Cae·
2447 2224 2530 2282 20

271 2336 474 2379 sarem
517 2315 805 2398 equitum
853 2335 1118 2378 numero
1165 2315 1539 2397 Allobroges
1584 2332 1645 2376 11
1692 2316 1939 2390 fratres,
1974 2315 2296 2378 Raucillus
2344 2320 2410 2378 et

271 2413 470 2495 Egus,
494 2412 817 2475 Adbucilli
845 2412 983 2487 filii,
1006 2411 1115 2492 qui
1143 2411 1577 2491 principatum
1596 2411 1667 2473 in
1694 2411 1950 2474 civitate
1978 2411 2200 2482 multis
2227 2411 2410 2474 annis

271 2509 655 2584 obtinuerat,
689 2507 996 2590 singulari
1012 2543 1022 2554 =
1038 2508 1276 2570 virtute
1315 2508 1622 2584 homines,
1656 2528 1928 2589 quorum
1969 2528 2157 2589 opera
2186 2508 2412 2570 Caesar

198 2667 210 2672 -
271 2606 566 2668 omuibus
595 2605 852 2668 Gallicis
879 2605 1059 2667 bellis
1087 2605 1330 2685 optima
1355 2604 1823 2685 fortissimaque
1864 2608 2000 2667 erat
2026 2625 2197 2668 118118.
2287 2604 2409 2666 Η18

270 2703 442 2765 domi
493 2704 572 2764 ob
625 2703 740 2764 has
794 2722 1009 2764 causas
1063 2702 1484 2782 amplissimos
1540 2702 1946 2784 magistratus
2000 2703 2409 2764 maudaverat
2449 2704 2528 2763 25

269 2803 458 2882 atque
473 2864 499 2869 -
515 2818 618 2861 608
673 2802 849 2861 extra
913 2798 1203 2860 ordinem
1257 2798 1326 2859 in
1385 2801 1678 2860 senatum
1732 2798 2027 2879 legendos
2082 2800 2410 2860 curaverat

269 2915 575 2977 agrosque
621 2895 693 2956 in
743 2894 948 2957 Gallia
997 2915 1074 2957 ex
1121 2894 1409 2956 hostibus
1458 2898 1673 2974 captos
1720 2893 2119 2975 praemiaque
2166 2893 2255 2956 rei
2303 2913 2410 2973 pe-

269 2990 592 3055 cuniariae
613 3011 844 3073 magna
855 2991 1168 3053 tribuerat
1195 2991 1664 3071 locupletesque
1692 3010 1769 3052 ex
1795 2989 2127 3071 egentibus
2146 2990 2400 3050 fecerat.

270 3088 362 3150 Hi
389 3091 648 3169 propter
673 3088 980 3150 virtutem
1029 3108 1161 3149 non
1209 3089 1417 3150 solum
1466 3090 1636 3168 apud
1688 3087 2014 3149 Caesarem
2060 3086 2131 3147 in
2172 3086 2409 3146 honore

269 3190 470 3262 erant,
503 3186 615 3248 sed
643 3185 836 3248 etiam
866 3187 1037 3267 apud
1065 3185 1415 3248 exercitum
1461 3185 1590 3247 cari
1629 3185 2068 3262 habebantur3
2110 3183 2218 3244 sed
2256 3180 2407 3242 freti
2448 3184 2530 3244 30

271 3282 551 3345 amicitia
595 3282 876 3345 Caesaris
919 3285 985 3345 et
1031 3283 1230 3358 stulta
1273 3302 1345 3343 ac
1373 3283 1638 3344 barbara
1682 3280 2039 3362 arrogantia
2080 3277 2229 3341 elati
2274 3278 2408 3338 des-

270 3380 591 3461 piciebant
635 3399 779 3442 suos
822 3379 1337 3459 stipendiumque
1377 3378 1669 3459 equitum
1708 3377 2093 3438 fraudabant
2130 3377 2195 3436 et
2234 3393 2410 3453 prae-

271 3477 420 3538 dam
448 3496 701 3538 omncm
729 3477 993 3537 domum
1035 3475 1421 3537 avertebant.
1514 3472 1759 3548 Quibus
1796 3472 1895 3533 illi
1922 3473 2108 3532 rebus
2133 3469 2408 3550 permoti

269 3573 547 3636 universi
573 3573 900 3635 Caesarem
928 3571 1228 3633 adierunt
1253 3570 1589 3651 palamque
1620 3569 1699 3630 de
1728 3587 1947 3630 eorum
1975 3565 2231 3647 injuriis
2257 3567 2410 3626 sunt

270 3669 476 3750 questi
521 3673 587 3731 et
629 3669 711 3731 ad
755 3671 964 3730 cetera
988 3667 1377 3730 addiderunt
1417 3664 1655 3725 falsum
1699 3664 1777 3725 ab
1818 3663 1919 3724 his
1964 3661 2252 3742 equitum
2293 3678 2411 3719 nu·
2451 3661 2529 3720 35

137 3751 154 3770 ⁸
269 3784 518 3827 merum
546 3762 799 3839 deferri,
838 3782 1110 3843 quorum
1138 3759 1531 3840 stipendium
1558 3759 1931 3829 averterent,
2011 3754 2148 3826 LX,
2187 3753 2412 3814 Caesar
