2734 4167
232 246 310 304 28
522 283 528 287 .
1007 234 1132 294 DE
1156 241 1409 294 BELLO
1457 242 1540 296 O'I
1542 242 1632 298 VI
1628 240 1716 294 LI

296 481 301 486 .
348 408 591 467 mentes
639 405 951 486 pertinere
1001 394 1429 467 arbitrabatur
1478 408 1948 468 commemorat.
2043 405 2245 488 Cujus
2295 405 2481 468 orati·

350 521 536 563 onem
589 502 779 583 legati
836 504 1099 563 domum
1153 502 1441 563 referunt
1510 506 1698 582 atque
1756 522 1831 564 ex
1886 502 2271 565 auctoritate
2329 502 2481 565 haec

353 596 601 660 Caesari
657 598 1071 660 renuntiant:
1129 597 1492 678 intellegere
1542 618 1605 659 se
1656 598 1930 659 divisum
1988 618 2115 660 esse
2172 600 2483 680 populum

351 694 711 755 Romanum
737 694 806 754 in
835 696 990 756 duas
1018 697 1259 774 partes·
1337 694 1562 776 Neque
1583 695 1687 774 sui
1716 695 1943 776 judicii
1976 714 2183 776 neque
2226 716 2484 758 suarum

271 793 306 850 5
351 809 478 851 esse
520 790 753 851 virium
795 790 1144 853 discernere
1187 794 1335 852 utra
1383 811 1529 871 pars
1556 792 1889 871 justiorem
1930 792 2160 854 habeat
2204 812 2476 855 causam.

357 877 680 965 Principes
727 906 873 949 vero
923 907 1050 949 6336
1100 907 1316 949 66111111
1366 888 1648 968 partium
1700 887 1814 950 On.
1874 889 2251 968 Pompeium
2293 892 2359 951 et
2410 889 2477 952 C.

356 982 703 1059 Caesarem,
736 987 1032 1063 patronos
1061 983 1336 1045 civitatis
1364 1006 1382 1063 3
1425 1004 1698 1065 quorum
1729 988 1891 1048 alter
1931 1005 2111 1067 agros
2138 986 2486 1048 Volcarum

353 1079 866 1142 Arecomicorum
914 1082 977 1140 et
1027 1079 1403 1142 Helviorum
1450 1082 1703 1163 publice
1751 1081 1829 1143 iis
1878 1082 2272 1157 concesserit,
2330 1082 2488 1144 alter

351 1175 516 1237 bello
544 1175 743 1237 victos
775 1175 1014 1257 Sallyas
1043 1176 1407 1239 attribuerit
1434 1177 1891 1259 vectigaliaque
1920 1178 2186 1241 auxerit.
2280 1178 2486 1253 Quare

233 1275 309 1333 10
350 1272 606 1352 paribus
647 1292 865 1334 60111111
905 1273 1223 1336 beneficiis
1263 1293 1480 1354 parem
1529 1295 1591 1336 se
1635 1295 1883 1356 quoque
1932 1276 2333 1338 voluntatem
2374 1275 2487 1337 tri-

351 1367 540 1431 buere
569 1368 791 1430 debere
833 1371 898 1430 et
939 1373 1241 1448 neutrum
1289 1390 1509 1431 eorum
1551 1373 1773 1432 contra
1813 1371 2086 1432 alterum
2113 1372 2335 1452 juvare
2375 1373 2488 1432 aut

351 1465 505 1526 urbe
548 1469 659 1525 aut
701 1465 988 1545 portibus
1030 1466 1320 1545 recipere.
1415 1467 1726 1530 XXXVI.
1778 1468 1956 1530 Haec
1985 1469 2142 1529 dum
2170 1468 2342 1531 inter
2382 1487 2490 1531 603

353 1560 1011 1641 aguntursDomitius
1054 1563 1320 1625 navibus
1365 1564 1710 1625 Massiliam
1738 1564 2029 1645 pervenit
2057 1568 2246 1645 atque
2289 1565 2368 1626 ab
2411 1566 2491 1627 iis

352 1661 641 1738 receptus
678 1657 820 1718 urbi
849 1658 1251 1737 praeficitur3
1293 1679 1541 1721 summa
1569 1661 1626 1722 ei
1655 1662 1804 1723 belli
1834 1661 2322 1727 administrandi
2349 1681 2491 1742 per-

235 1758 310 1815 15
353 1741 653 1815 mittitur.
745 1754 906 1834 Ejus
953 1754 1217 1834 imperio
1273 1756 1531 1818 classem
1580 1777 2049 1838 quoquoversus
2099 1757 2492 1838 dimittunt3

355 1850 665 1911 onerarias
713 1869 902 1912 naves
943 1870 1095 1930 quas
1150 1851 1385 1931 ubique
1441 1855 1705 1932 possunt
1762 1853 2252 1933 deprehendunt
2300 1857 2494 1935 atque

354 1946 424 2007 in
464 1951 721 2027 portum
750 1948 1095 2023 deducunt,
1123 1967 1349 2028 parum
1380 1949 1570 2012 clavis
1612 1954 1724 2012 aut
1752 1950 2018 2013 materia
2053 1954 2242 2032 atque
2289 1971 2495 2013 arma-

355 2044 584 2106 mentis
625 2044 951 2105 instructis
979 2044 1060 2104 ad
1088 2044 1357 2125 reliquas
1399 2048 1732 2109 armandas
1773 2047 2265 2128 reficiendasque
2294 2039 2495 2109 utun-

354 2144 464 2202 tur
492 2164 508 2219 3
550 2140 859 2202 frumenti
889 2142 1058 2221 quod
1099 2141 1436 2203 inventum
1464 2147 1577 2220 est,
1613 2144 1682 2204 in
1724 2144 2056 2224 publicum
2100 2145 2445 2207 con-ferunt
2478 2167 2497 2224 3

233 2242 313 2301 20
355 2238 622 2319 reliquas
650 2258 883 2299 merces
912 2242 1420 2320 commeatusque
1462 2242 1542 2326 ad
1585 2241 1977 2303 obsidionem
2018 2241 2212 2316 urbiS,
2247 2241 2299 2302 si
2330 2242 2498 2303 acci-

357 2337 485 2412 dat,
539 2337 874 2398 reservant.
968 2334 1209 2408 Quibus
1258 2335 1514 2416 injuriis
1561 2328 1886 2422 permotus
1938 2336 2165 2399 Caesar
2212 2337 2499 2418 legiones

355 2438 481 2496 tres
512 2432 853 2495 Massiliam
883 2431 1143 2493 adducit
1171 2453 1188 2510 3
1231 2435 1436 2494 turres
1465 2432 1801 2514 vineasque
1836 2434 1917 2494 ad
1944 2434 2496 2515 oppugnationem

355 2530 528 2591 urbis
556 2550 757 2612 agere,
781 2549 968 2591 naves
988 2530 1205 2609 longas
1226 2528 1482 2591 Arelate
1510 2550 1775 2592 numero
1807 2546 1916 2591 ΧΗ
1945 2531 2149 2594 facere
2176 2531 2491 2594 instituit.

358 2626 599 2700 Quibus
649 2626 888 2688 effectis
938 2625 1317 2704 armatisque
1369 2625 1588 2687 diebus
1639 2642 1787 2686 xxx
1829 2646 1866 2687 a
1914 2646 2039 2707 qua
2080 2627 2183 2691 die
2226 2628 2503 2690 materia

237 2726 312 2785 25
357 2743 531 2785 caesa
579 2727 691 2799 est,
740 2724 1158 2803 adductisque
1188 2723 1559 2799 Massiliam,
1594 2723 1694 2785 his
1726 2723 1816 2785 -D.
1855 2723 2134 2784 Brutum
2175 2725 2495 2804 praeficit,

302 2859 333 2874 -
359 2818 427 2881 O.
466 2819 852 2881 Trebonium
890 2820 1172 2900 legatum
1219 2819 1301 2880 ad
1350 2819 1891 2900 oppugnationem
1940 2819 2253 2882 Massiliae
2302 2821 2503 2884 relin-

398 2916 515 2978 uit.
576 2905 636 2969 4

246 3089 255 3100 ρ
357 2936 398 3000 q
436 3013 782 3075 XXXVII.
832 3013 1009 3076 Dum
1036 3012 1190 3075 haec
1217 3015 1400 3093 parat
1429 3015 1618 3092 atque
1647 3012 2071 3089 administrat,
2109 3011 2177 3075 O.
2216 3012 2505 3075 Fabium

228 3169 255 3192 -.
355 3111 636 3192 legatum
686 3130 833 3173 cum
879 3109 1234 3192 legionibus
1282 3125 1394 3184 111,
1450 3128 1603 3189 quas
1652 3109 1951 3171 Narbone
2006 3109 2373 3189 circumque
2425 3132 2536 3174 ea‘x

236 3211 314 3269 30
355 3209 492 3270 loca
539 3208 859 3270 hiemandi
909 3226 1093 3270 causa
1140 3205 1551 3285 disposuerat,
1596 3204 1665 3265 in
1710 3204 2086 3285 Hispaniam
2133 3204 2507 3285 praemittit

357 3306 760 3386 celeriterque
789 3306 983 3386 samis
1013 3304 1360 3385 Pyrenaeos
1402 3300 1694 3381 occupari
1724 3302 1923 3382 jubet,
1962 3301 2069 3382 qui
2106 3322 2179 3363 60
2207 3305 2506 3382 tempore

58 3307 311 3503 ff
356 3404 434 3465 ab
483 3405 554 3465 L.
608 3402 876 3464 Afranio
923 3404 1131 3483 legato
1188 3398 1513 3481 praesidiis
1567 3398 1968 3460 tenebantur.
2060 3398 2360 3478 Reliquas
2409 3400 2507 3462 le-

355 3501 592 3583 giones,
628 3520 785 3580 quae
813 3500 1063 3581 longius
1091 3498 1478 3571 hiemabant,
1514 3494 1808 3575 subsequi
1837 3495 2036 3576 jubet.
2129 3494 2391 3571 Fabius,
2421 3498 2508 3557 ut

358 3601 491 3659 erat
531 3598 934 3677 imperatum,
970 3596 1256 3659 adhibita
1304 3591 1488 3656 celeri
1497 3595 1623 3655 tate
1666 3592 2057 3673 praesidium
2085 3611 2160 3653 ex
2189 3593 2359 3653 saltu
2389 3593 2510 3655 de-

239 3697 314 3755 35
357 3694 511 3776 jecit
553 3693 920 3775 magnisque
961 3692 1294 3754 itineribus
1336 3691 1418 3750 ad
1460 3688 1807 3751 exercitum
1835 3687 2088 3750 Afranii
2131 3690 2497 3753 contendit.

360 3790 739 3853 XXXVIII.
791 3789 1091 3853 Adventu
1121 3789 1192 3849 L.
1223 3786 1493 3848 Vibullii
1524 3786 1692 3861 Rufi,
1728 3804 1917 3865 quem
1944 3806 1983 3847 a
2011 3784 2315 3865 Pompeio
2345 3787 2508 3850 mis-

64 2997 103 3046 s
170 2997 276 3038 -r-’s
