2734 4167
277 229 356 289 38
431 245 440 252 ·
1041 224 1158 276 DE
1198 224 1465 279 BELLO
1512 226 1595 280 01
1598 225 1771 280 VILI

397 387 709 449 custodias
749 387 1171 469 stationesque
1199 390 1489 469 equitum
1529 389 1845 465 vitabant}
1872 392 1985 451 aut
2012 389 2222 471 aliquo
2265 394 2521 473 accepto

396 484 775 546 detrimento
816 489 928 547 aut
970 485 1190 566 procul
1219 485 1507 566 equitatu
1547 486 1679 548 viso
1727 506 1803 548 ex
1852 487 2060 552 medio
2109 486 2336 549 itinere
2383 507 2523 568 pro-

393 580 577 661 jectis
616 582 874 644 sarcinis
915 581 1266 663 fugiebant.
1359 582 1683 644 Postremo
1732 585 1795 644 et
1844 584 2055 663 plures
2103 584 2525 648 intermittere

392 677 524 739 dies
552 681 616 739 et
643 681 892 758 praeter
933 678 1458 740 consuetudinem
1491 671 1788 740 ‘omnium
1817 683 2015 741 noctu
2059 681 2523 743 constituerant

313 764 349 834 5
391 773 697 852 pabulari.
777 775 915 836 LX.
955 774 1222 836 Interim
1256 774 1555 836 Oscenses
1584 778 1649 837 et
1679 775 2168 857 Calagurritani,
2204 777 2314 857 qui
2343 782 2527 839 erant

392 890 539 930 cum
571 869 945 932 Oscensibus
975 871 1343 946 contributi,
1378 870 1653 932 mittunt
1693 872 1776 932 ad
1817 856 2231 954 eum'legatos
2272 892 2525 954 seseque

391 966 698 1047 imperata
736 969 1016 1031 facturos
1056 969 1456 1050 pollicentur.
1548 970 1684 1030 Hos
1714 969 2209 1032 Tarraconenses
2251 972 2315 1030 et
2343 970 2525 1032 Jace-

391 1063 526 1124 tani
570 1067 634 1125 et
675 1063 982 1127 Ausetani
1027 1072 1091 1128 et
1130 1066 1350 1146 paucis
1390 1069 1533 1146 post
1562 1065 1785 1127 diebus
1813 1064 2380 1147 IllurgavonenseS,
2416 1064 2526 1146 qui

390 1160 630 1222 fiumen
659 1161 972 1224 Hiberum
1014 1163 1366 1245 attingunt,
1401 1163 1843 1245 insequuntur.
1935 1162 2106 1225 Petit
2133 1164 2211 1224 ab
2250 1163 2352 1223 his
2395 1184 2528 1224 om-

273 1260 350 1317 10
389 1256 578 1318 nibus
625 1260 702 1318 ut
750 1279 813 1320 se
857 1259 1184 1321 frumento
1224 1261 1470 1341 juvent.
1564 1259 1955 1322 Pollicentur
1998 1262 2188 1340 atque
2230 1259 2529 1322 omnibus

390 1354 674 1435 undique
725 1355 1095 1435 conquisitis
1122 1356 1432 1436 jumentis
1476 1357 1547 1416 in
1589 1359 1792 1417 castra
1818 1356 2176 1436 deportant.
2268 1355 2529 1418 Transit

392 1451 583 1513 etiam
619 1451 842 1512 cohors
878 1452 1412 1532 Illurgavonensis
1454 1453 1535 1514 ad
1578 1472 1724 1514 eum
1764 1451 2018 1533 cognito
2062 1450 2338 1513 civitatis
2380 1471 2531 1514 con-

392 1546 530 1609 silio
559 1551 623 1612 et
651 1548 831 1629 signa
857 1568 933 1609 ex
964 1548 1234 1610 statione
1262 1549 1586 1611 transfert.
1666 1549 1902 1630 Magna
1928 1549 2214 1611 celeriter
2242 1569 2529 1611 commu-

391 1644 550 1705 tatio
597 1665 826 1707 rerum.
936 1645 1224 1707 Perfecto
1272 1649 1488 1725 ponte,
1538 1645 1785 1727 magnis
1834 1646 2113 1727 quinque
2163 1646 2531 1709 civitatibus

274 1744 349 1801 15
393 1742 474 1802 ad
510 1740 856 1803 amicitiam
902 1741 1245 1822 adjunctis,
1280 1742 1575 1822 expedita
1618 1762 1685 1804 re
1722 1742 2160 1818 frumentaria,
2197 1743 2532 1805 exstinctis

391 1838 751 1898 rumoribus
783 1838 861 1899 de
890 1837 1142 1899 auxiliis
1163 1838 1490 1918 legionum
1519 1858 1677 1918 quae
1707 1858 1855 1899 cum
1878 1838 2177 1919 Pompeio
2204 1859 2319 1919 per
2348 1840 2533 1901 Mau-

391 1933 689 1995 ritaniam
733 1934 946 1997 'venire
994 1935 1389 2011 dicebantur,
1438 1936 1677 1996 multae
1720 1935 2194 2016 longinquiores
2237 1935 2533 1997 civitates

392 2031 469 2092 ab
525 2028 792 2091 Afranio
851 2031 1209 2093 desciscunt
1265 2036 1329 2094 et
1387 2031 1665 2094 Caesaris
1730 2030 2077 2092 amicitiam
2145 2037 2523 2112 sequuntur.

393 2126 563 2188 LXI.
616 2125 858 2201 Quibus
885 2129 1070 2190 rebus
1098 2127 1452 2209 perterritis
1493 2127 1722 2202 animis
1750 2128 2247 2190 adversariorum
2279 2128 2525 2205 Caesar,

272 2226 350 2284 20
390 2241 472 2285 ne
501 2243 746 2304 semper
772 2245 1002 2306 magno
1048 2225 1321 2287 circuitu
1355 2245 1471 2306 per
1495 2228 1759 2305 pontem
1810 2224 2128 2306 equitatus
2176 2228 2336 2286 esset
2381 2226 2532 2286 mit-

305 2392 308 2395 ,
391 2320 644 2396 tendu's,
679 2314 904 2381 nactus
946 2320 1248 2383 idoneum
1275 2322 1509 2397 locum,
1544 2321 1740 2383 fossas
1769 2321 2005 2401 pedum
2035 2337 2182 2380 xxx
2211 2319 2281 2380 in
2308 2320 2533 2382 latitu-

392 2416 608 2479 dinem
658 2418 1008 2497 complures
1055 2419 1261 2481 sacere
1312 2418 1619 2494 instituit,
1679 2418 1906 2499 quibus
1955 2420 2200 2497 partem
2249 2416 2533 2497 aliquam

393 2514 622 2577 Sicoris
676 2519 982 2578 averteret
1037 2517 1396 2597 vadumque
1449 2516 1518 2577 in
1576 2536 1647 2578 eo
1703 2515 1967 2592 flumine
2025 2515 2314 2577 efficeret.
2408 2515 2532 2577 His

391 2631 587 2692 paene
637 2612 876 2673 effectis
932 2631 1239 2693 magnum
1288 2611 1358 2673 in
1416 2612 1710 2674 timorem
1760 2611 2087 2672 Affiranius·
2118 2610 2531 2691 Petreiusque

271 2711 348 2770 25
390 2709 789 2789 perveniunt,
831 2728 912 2770 ne
955 2708 1215 2769 omnino
1255 2709 1582 2770 frumento
1625 2709 1987 2788 pabuloque
2029 2697 2531 2769 intercluderen-

393 2809 519 2882 tur,
554 2805 724 2885 quod
767 2806 1046 2866 multum
1076 2805 1301 2867 Caesar
1341 2805 1631 2885 equitatu
1674 2806 1937 2867 valebat.
2030 2804 2252 2884 Itaque
2296 2803 2531 2866 consti-

391 2905 589 2965 tuunt
617 2901 738 2983 ipsi
766 2901 917 2964 locis
946 2902 1241 2964 excedere
1269 2906 1334 2963 et
1363 2900 1433 2962 in
1458 2901 1866 2963 Celtiberiam
1888 2901 2129 2963 bellum
2157 2901 2522 2963 transferre.

393 3000 567 3062 Huic
615 2999 876 3062 consilio
922 2999 1388 3080 suffragabatur
1416 2998 1609 3059 etiam
1637 2997 1749 3059 illa
1774 3018 1893 3073 res,
1925 2999 2120 3078 quod,
2158 3017 2232 3059 ex
2280 2998 2531 3060 duobus

391 3097 721 3159 contrariis
750 3096 1104 3177 generibuS,
1133 3116 1291 3177 quae
1320 3095 1638 3175 superiore
1667 3095 1832 3156 bello
1862 3114 2010 3155 cum
2035 3093 2310 3156 Sertorio
2340 3096 2531 3155 stete-

271 3197 350 3255 30
389 3197 536 3255 rant
565 3193 852 3255 civitates
893 3191 1106 3254 victae.
1138 3212 1372 3254 nomen
1414 3195 1602 3273 atque
1645 3190 1989 3271 imperium
2032 3189 2306 3251 absentis
2338 3189 2529 3250 Pom-

388 3292 514 3372 peii
542 3291 878 3366 timebant,
913 3309 1072 3370 quae
1117 3289 1187 3350 in
1232 3289 1514 3351 amicitia
1557 3292 1923 3350 manserant
1971 3286 2218 3366 magnis
2262 3274 2529 3349 affectae

388 3387 705 3450 beneficiis
755 3407 902 3449 eum
951 3386 1319 3466 diligebant,
1356 3385 1636 3447 Caesaris
1685 3389 1901 3448 autem
1947 3386 2081 3445 erat
2126 3382 2196 3442 in
2245 3383 2529 3445 barbaris

388 3471 621 3547 nomen
651 3484 991 3547 obscurius.
1085 3482 1211 3544 Hic
1239 3501 1501 3563 magnos
1530 3482 1850 3563 equitatus
1893 3498 2249 3561 magnaque
2288 3479 2530 3542 auxilia

389 3582 833 3660 exspectabant
877 3582 942 3642 et
970 3580 1099 3641 suis
1126 3579 1277 3641 locis
1305 3579 1546 3640 bellum
1595 3579 1665 3638 in
1708 3577 1984 3640 hiemem
2013 3576 2241 3637 ducere
2289 3575 2530 3657 cogita-

271 3678 346 3737 35
388 3677 561 3738 bant.
653 3676 794 3738 Hoc
822 3676 985 3736 inito
1015 3674 1273 3736 consilio
1302 3677 1439 3736 toto
1467 3674 1730 3736 flumine
1761 3674 1999 3735 Hibero
2027 3691 2217 3734 naves
2260 3674 2529 3753 conqui-

387 3791 521 3835 rere
548 3776 613 3835 et
643 3772 1012 3853 Octogesam
1040 3771 1271 3833 adduci
1297 3771 1545 3852 jubent.
1637 3771 1715 3832 Id
1744 3775 1877 3833 erat
1906 3768 2214 3850 oppidum
2242 3768 2530 3851 positum
