2734 4167
905 195 1128 248 COMM'.
1167 195 1285 248 III.
1329 193 1497 249 OAP.
1537 195 1825 250 IX—XII.
2416 205 2491 264 ’79

220 375 354 416 non
385 375 516 418 esse
539 376 808 418 usurum
835 357 1310 419 condicionibus
1327 358 1501 439 pacis
1524 379 1671 420 eum
1694 359 1801 440 qui
1824 360 2107 440 superior
2132 360 2369 422 videre-

128 451 138 466 '
221 455 353 527 tur,
386 473 594 534 neque
623 454 762 516 sore
801 473 996 534 aequa
1022 457 1202 534 parte
1243 456 1618 517 contentum
1648 456 1757 536 qui
1787 475 1849 517 se
1878 457 2091 517 omnia
2117 457 2370 518 habitu-

223 570 372 611 rum
399 551 765 613 confideret.
838 551 1252 616 Condiciones
1279 553 1470 634 pacis,
1493 553 1792 633 quoniam
1820 557 2006 614 antea
2034 553 2367 615 convenire

224 667 359 708 non
405 647 781 726 potuissent,
817 648 1052 710 Romae
1097 651 1174 710 ab
1217 653 1439 711 senatu
1482 652 1545 710 et
1588 668 1624 710 a
1664 649 1899 728 populo
1942 649 2075 730 peti
2118 650 2361 712 debere.

225 743 482 804 Interea
509 745 575 804 et
601 743 980 822 reipublicae
1024 747 1088 806 et
1115 745 1266 824 ipsis
1295 746 1539 825 placere
1580 747 1887 831 oportere,
1921 744 1974 807 si
2001 748 2267 827 uterque
2300 747 2368 807 in
2451 752 2487 808 5

223 838 524 900 contione
553 839 770 900 statim
791 841 1124 921 juravisset
1146 861 1210 903 se
1231 842 1446 904 triduo
1468 841 1755 922 proximo
1785 841 2131 904 exercitum
2152 843 2367 904 dimis-

225 954 466 996 surum.
526 934 845 1014 Depositis
867 937 1056 998 armis
1077 937 1471 1019 auxiliisque,
1501 937 1728 1018 quibus
1756 957 1928 999 nunc
1950 939 2360 1016 confiderent,

225 1031 576 1093 necessario
604 1033 825 1112 populi
862 1036 1234 1114 senatusque
1262 1034 1503 1115 judicio
1545 1033 1681 1096 fore
1719 1037 2063 1114 utrumque
2107 1037 2365 1097 conten-

177 1167 188 1172 ·
227 1129 388 1189 tum.
481 1127 600 1189 XI.
650 1128 971 1191 Vibullius
1013 1130 1112 1191 his
1153 1130 1451 1210 expositis
1497 1129 1801 1212 Corcyrae
1844 1149 1973 1190 non
2014 1131 2225 1191 minus
2258 1151 2365 1193 ne—

225 1224 568 1286 cessarium
617 1244 754 1287 csse
802 1225 1182 1288 existimavit
1230 1227 1324 1298 de,
1365 1226 1699 1306 repentino
1725 1228 1729 1233 “
1756 1227 2033 1289 adventu
2085 1226 2363 1288 Caesaris
2407 1231 2485 1288 10

227 1321 610 1401 Pompeium
635 1321 773 1383 fieri
802 1323 1151 1398 certiorem,
1185 1323 1282 1384 uti
1311 1324 1395 1384 ad
1434 1323 1503 1384 id
1530 1323 1867 1385 consilium
1910 1342 2128 1402 capere
2156 1327 2365 1402 posset

225 1421 572 1499 antequam
594 1419 672 1479 de
701 1419 1014 1480 mandatis
1036 1420 1136 1500 agi
1165 1419 1571 1500 inciperet-ur,
1602 1423 1789 1501 atque
1820 1420 1961 1481 ideo
1990 1419 2363 1482 continuato

223 1517 412 1576 nocte
443 1533 516 1576 ac
537 1514 640 1576 die
669 1514 894 1576 itinere
923 1518 1113 1595 atque
1143 1517 1405 1576 mutatis
1432 1517 1513 1577 ad
1536 1516 1923 1578 celeritatem
1948 1515 2257 1597 jumentis
2284 1519 2365 1579 ad

227 1611 608 1691 Pompeium
647 1611 996 1686 contendit,
1029 1615 1105 1671 ut
1132 1613 1342 1674 adesse
1375 1611 1702 1674 Caesarem
1740 1613 2083 1676 nuntiaret.
2178 1614 2363 1675 Pom-

223 1709 408 1789 peius
436 1711 570 1770 erat
597 1728 668 1770 eo
697 1711 979 1787 tempore
1020 1708 1089 1768 in
1131 1708 1449 1772 Candavia
1490 1710 1733 1790 iterque
1776 1730 1853 1772 ex
1883 1711 2254 1772 Macedonia
2294 1712 2363 1772 in
2406 1715 2481 1772 15

223 1805 494 1867 hiberna
521 1803 926 1883 Apolloniam
949 1805 1541 1886 Dyrrhachiumque
1571 1807 1859 1868 habebat.
1952 1806 2078 1868 Sed
2104 1827 2171 1868 re
2199 1793 2363 1870 nova

223 1903 632 1980 perturbatus
651 1900 998 1981 majoribus
1017 1901 1350 1964 itineribus
1367 1902 1772 1983 Apolloniam
1795 1906 2006 1982 petere
2028 1903 2265 1983 coepit,·
2278 1924 2362 1966 ne

227 1997 456 2059 Caesar
483 2001 623 2058 orae
650 1997 1004 2059 maritimae
1045 1998 1330 2060 civitates
1360 2001 1711 2080 occuparet.
1803 1998 1894 2060 At
1928 1999 2035 2060 ille
2066 2001 2360 2080 expositis

225 2092 538 2154 militibus
565 2093 786 2155 eodem
806 2093 910 2154 die
935 2093 1194 2154 Oricum
1215 2095 1651 2174 proficiscitur.
1721 2094 2353 2180 Quo-cgmyenisset,

225 2190 301 2251 L.
327 2189 705 2270 TorquatUS,
730 2190 839 2270 qui
867 2191 1043 2271 jussu
1068 2190 1351 2270 Pompeii
1382 2191 1613 2272 oppido
1635 2194 1919 2272 praeerat
1946 2192 2357 2271 praesidium·
2400 2199 2479 2255 20

225 2305 348 2368 que
370 2285 460 2346 ibi
490 2285 942 2347 Parthinorum
962 2284 1251 2364 habebat,
1280 2276 1769 2368 conatus⁴po¹rtis
1796 2287 2025 2349 clausis
2050 2277 2358 2367 oppidilm

224 2385 586 2459 defendere,
613 2397 772 2474 cun}-
785 2383 1050 2446 Graecos
1077 2406 1334 2446 murum
1363 2387 1694 2448 ascendere
1717 2387 1905 2466 atque
1934 2403 2109 2446 arma
2136 2405 2355 2464 capere

221 2480 247 2561 j
298 2480 496 2555 beret,
531 2479 625 2540 ilIi
655 2462 870 2556 autein
912 2501 975 2542 se
1017 2485 1238 2542 contra
1278 2472 1619 2561 imperium
1644 2465 1869 2562 ‘populi
1900 2481 2168 2542 Romani
2196 2503 2357 2564 pug-

222 2579 452 2638 naturo
539 2596 666 2638 esse
722 2579 1044 2657 negarent,
1101 2573 1401 2660 oppidani
1459 2581 1671 2639 autem
1721 2577 1913 2639 etiam
1968 2597 2079 2639 sua
2134 2583 2355 2658 sponte

225 2673 554 2736 Caesarem
605 2674 880 2754 recipere
929 2677 1325 2750 conarentur,
1376 2657 1717 2753 desperatis
1766 2674 2057 2736 omnibus
2106 2674 2355 2736 auxiliis
2396 2679 2473 2738 25

219 2773 434 2849 portas
473 2750 721 2850 aperuit
761 2772 828 2830 et
868 2789 930 2831 se
971 2772 1158 2850 atque
1210 2769 1517 2849 oppidum
1549 2766 1792 2831 Caesari
1822 2769 2071 2830 dedidit
2113 2769 2355 2831 incolu-

219 2865 464 2946 misque
507 2866 586 2926 ab
621 2885 692 2927 eo
735 2870 1133 2928 conservatus
1176 2869 1286 2927 est.
1323 2869 1333 2879 “
1381 2865 1532 2926 ΧΠ.
1586 2866 1860 2944 Recepto
1902 2865 2127 2926 Caesar
2168 2866 2355 2927 Orico

217 2962 398 3022 nulla
423 2961 796 3040 interposita
836 2981 1012 3023 mora
1038 2962 1446 3042 Apolloniam
1474 2961 1907 3041 proficiscitur.
2002 2961 2201 3042 Cujus
2244 2963 2351 3022 ad-

217 3060 416 3120 ventu
443 3057 662 3118 audito
691 3057 762 3118 L.
801 3058 1140 3134 Staberius,
1177 3058 1286 3139 qui
1330 3058 1418 3119 ibi
1461 3061 1763 3138 praeerat,
1798 3077 2027 3138 aquam
2069 3076 2351 3136 compor-

214 3157 352 3216 tare
375 3154 442 3214 in
465 3151 672 3216 arcem
699 3158 888 3234 atque
911 3174 1048 3216 eam
1072 3155 1320 3216 munire
1343 3155 1711 3234 obsidesque
1738 3154 1817 3214 ab
1839 3153 2349 3232 Apolloniatibus
2390 3159 2469 3216 30

215 3251 466 3332 exigere
494 3251 718 3330 coepit.
798 3251 904 3311 Illi
932 3271 1076 3313 vero
1099 3253 1354 3312 daturos
1384 3271 1447 3313 se
1477 3270 1705 3332 negare
1733 3269 1937 3330 neque
1964 3251 2175 3328 portas
2204 3269 2348 3310 con-

213 3346 338 3408 suli
394 3347 842 3426 praeclusuros,
904 3367 1106 3427 neque
1163 3347 1280 3409 sibi
1335 3346 1653 3428 judicium
1716 3347 2076 3424 sumpturos
2131 3348 2349 3407 contra

213 3445 406 3522 atque
435 3441 637 3503 omnis
665 3442 851 3504 Italia
891 3445 1286 3524 populusque
1315 3443 1639 3504 Romanus
1665 3440 2087 3522 judicavisset.
2184 3439 2348 3515 Quo-

211 3558 361 3600 rum
410 3538 664 3618 cognita
707 3539 1037 3602 voluntate
1087 3541 1249 3600 clam
1298 3539 1585 3620 profugit
1622 3535 1963 3618 Apollonia
2002 3535 2337 3600 Staberius

212 3635 322 3698 Illi
351 3635 434 3696 ad
465 3633 788 3696 Caesarem
815 3635 1052 3716 legatos
1080 3635 1352 3695 mittunt
1394 3635 1749 3714 oppidoque
1786 3631 2119 3711 recipiunt.
2211 3633 2345 3694 Hos
2386 3636 2463 3693 35

211 3733 568 3812 sequuntur
595 3731 1010 3805 Bullidenses,
1045 3729 1379 3790 Amantini
1422 3733 1485 3790 et
1528 3729 1803 3808 reliquae
1845 3726 2152 3787 finitimae
2194 3726 2343 3786 civi-
