2734 4167
230 195 308 260 '78
1007 187 1124 240 Da·
1161 183 1421 238 BELLO
1468 183 1729 254 GIVILI

351 373 473 434 que
501 373 632 414 uno
659 355 944 432 tempore
987 347 1310 412 obsidione
1349 350 1416 409 et
1457 347 2036 430 oppugnationibus
2076 368 2181 412 eos
2206 366 2492 429 premere

351 448 577 527 coepit.
671 447 775 510 Illi
805 445 1018 508 omnia
1043 445 1290 524 perpeti
1335 444 1539 523 parati
1582 445 1853 506 maxime
1898 465 1935 505 a
1978 465 2045 506 re
2073 443 2497 506 frumentaria

352 544 741 606 laborabant.
835 542 954 604 Oui
997 541 1088 604 rei
1118 540 1320 602 missis
1349 541 1431 602 ad
1462 539 1787 602 Caesarem
1814 542 2036 622 legatis
2078 541 2387 603 auxilium
2415 540 2495 602 ab

353 661 428 704 eo
457 641 759 720 petebant
781 662 798 716 3
834 638 1101 718 reliqua,
1125 640 1200 698 ut
1227 640 1540 717 poterant,
1569 636 1967 698 incommoda
1994 658 2108 718 per
2134 657 2197 700 se
2227 637 2495 700 sustine-

273 741 312 800 ὅ
354 738 528 799 bant.
620 737 709 798 Et
736 737 925 816 longo
953 733 1325 813 interposito
1355 733 1557 812 spatio
1586 721 1733 802 cufn
1755 733 2141 796 diuturnitas
2170 753 2497 816 oppugna-

353 832 545 894 tionis
586 831 1086 913 neglegentiores
1115 829 1491 894 Octavianos
1533 830 1875 917 effeci-3532·
1892 831 2077 892 nacti‘
2108 831 2498 893 occasionem

357 928 692 990 meridiani
721 927 1022 1007 temporis
1049 925 1322 988 discessu
1363 945 1603 1001 eorum,
1618 927 1849 1007 ,pueris
1890 928 2384 1008 mulieribusque
2426 927 2499 988 in

359 1043 542 1086 muro
571 1023 907 1104 dispositiS,
942 1043 1024 1084 ne
1053 1022 1208 1102 quid
1236 1022 1637 1102 quotidianae
1684 1024 2159 1086 consuetudinis
2188 1025 2497 1088 desidera}-

361 1124 559 1196 retur,
594 1121 713 1202 ipsi
757 1140 950 1182 manu
991 1120 1162 1182 facta
1205 1139 1352 1181 oum
1386 1118 1465 1181 iis
1493 1139 1647 1200 quos
1691 1141 1897 1200 nuper
1936 1121 2373 1195 liberaverant,
2428 1119 2499 1181 in

239 1220 318 1280 10
359 1217 647 1298 proxima
697 1217 920 1280 Octavi
965 1219 1168 1279 castra
1209 1215 1594 1297 irruperunt.
1686 1217 1808 1278 His
1856 1217 2231 1299 expugnatis
2276 1217 2499 1279 eodem

357 1313 606 1394 impetu
655 1314 851 1376 altera
895 1315 1044 1374 sunt
1092 1312 1318 1388 adorti,
1351 1313 1501 1374 inde
1528 1313 1719 1374 tertia
1744 1316 1809 1375 et
1848 1317 2071 1394 quarta
2110 1317 2174 1376 et
2202 1313 2499 1392 deinceps

356 1410 620 1490 reliqua,
653 1409 1066 1490 omnibusque
1095 1428 1197 1471 eos
1225 1409 1443 1471 castris
1472 1410 1845 1490 expulerant
1870 1413 1936 1472 et
1964 1430 2194 1492 magno
2233 1429 2499 1472 numero

359 1505 698 1568 interfecto
725 1505 997 1586 reliquos
1023 1508 1214 1585 atque
1239 1505 1455 1585 ipsum
1477 1504 1813 1590 Octavium
1840 1506 1911 1567 in
1937 1527 2128 1569 naves
2155 1507 2498 1588 confugere

359 1604 721 1684 coegerunt.
815 1601 940 1662 Hic
981 1601 1110 1662 fuit
1153 1595 1641 1682 oppugnationis
1682 1603 1905 1664 exitus.
1995 1603 2268 1684 Jamque
2296 1602 2501 1665 hiems

242 1701 319 1762 15
363 1698 928 1779 appropinquabat,
964 1700 1028 1760 et
1068 1698 1264 1759 tantis
1305 1699 1704 1761 detrimentis
1745 1699 2016 1779 acceptis
2052 1699 2351 1762 Octavius
2394 1701 2501 1762 de-

362 1797 607 1882 sperata
635 1794 1104 1876 oppugnatione
1133 1794 1351 1874 oppidi
1375 1795 1846 1877 Dyrrhachium
1867 1816 1997 1858 sese
2018 1797 2101 1860 ad
2123 1796 2500 1877 Pompeium

363 1891 619 1971 recepit.

447 1987 531 2049 X.
581 1987 1168 2077 Demonstravimus
1207 1988 1279 2050 L.
1315 1988 1676 2050 Vibullium
1705 1990 1971 2066 Rufum,
2008 1989 2295 2070 Pompeii
2322 2009 2500 2070 prae-

363 2085 629 2159 fectum,
677 2083 772 2146 bis
813 2083 882 2143 in
926 2086 1304 2164 potestatem
1347 2086 1701 2164 pervenisse
1750 2085 2029 2148 Caesaris
2078 2089 2265 2166 atque
2310 2086 2387 2147 ab
2426 2106 2501 2148 eo

239 2185 322 2246 20
364 2202 492 2244 esse
541 2180 907 2256 dimissum,
945 2182 1137 2242 semel
1191 2181 1274 2242 ad
1331 2181 1702 2257 Corfinium,
1757 2181 1991 2244 iterum
2046 2182 2113 2242 in
2162 2181 2491 2262 Hispania.

365 2278 559 2340 Hunc
607 2297 722 2358 pro
767 2277 894 2340 suis
935 2277 1254 2344 beneficiis
1285 2276 1510 2342 Caesar
1550 2277 1851 2340 idoneum
1877 2279 2269 2360 judicaverat
2310 2299 2501 2359 quem

363 2395 512 2436 cum
540 2374 856 2436 mandatis
897 2375 978 2435 ad
1009 2373 1123 2435 On.
1163 2374 1538 2454 Pompeium
1566 2375 1869 2451 mitteret,
1904 2376 2299 2455 eundemque
2328 2376 2501 2456 apud

365 2470 480 2534 Gn.
513 2471 889 2552 Pompeium
910 2470 1352 2532 auctoritatem
1374 2472 1602 2534 habere
1625 2472 2047 2554 intellegebat.
2099 2472 2256 2532 Erat
2284 2475 2501 2536 autem

363 2569 516 2630 haec
571 2588 818 2630 summa
873 2568 1318 2629 mandatorum
1355 2589 1371 2628 :
1441 2568 1663 2630 debere
1720 2571 2061 2649 utrumque
2117 2567 2501 2648 pertinaciae

241 2669 320 2726 25
361 2666 556 2726 finem
584 2665 790 2728 facere
836 2667 900 2725 et
944 2665 1022 2725 ab
1063 2663 1252 2724 armis
1281 2663 1596 2726 discedere
1630 2684 1835 2746 neque
1876 2665 2147 2746 amplius
2173 2665 2501 2727 fortunam

361 2760 720 2841 periclitari.
815 2759 977 2822 Satis
1005 2780 1132 2823 esse
1162 2779 1392 2841 magna
1428 2761 1747 2842 utrimque
1776 2761 2175 2823 incommoda
2216 2764 2493 2841 accepta,

363 2876 522 2936 quae
549 2877 662 2936 pro
693 2856 1024 2937 disciplina
1065 2859 1130 2918 et
1171 2857 1520 2936 praeceptis
1547 2857 1775 2920 habere
1804 2860 2079 2937 possent,
2113 2860 2190 2918 ut
2227 2857 2501 2938 reliquos

363 2973 539 3016 casus
568 2953 867 3016 timerent
892 2977 906 3016 :
955 2954 1139 3015 illum
1169 2955 1355 3016 Italia
1398 2956 1728 3034 expulsum
1770 2955 1997 3016 amissa
2026 2953 2238 3016 Sicilia
2266 2956 2330 3015 et
2360 2953 2501 3016 Sar-

363 3050 539 3111 dinia
565 3051 930 3130 duabusque
962 3050 1288 3130 Hispaniis
1317 3052 1382 3111 et
1423 3050 1785 3112 cohortibus
1821 3050 1891 3112 in
1919 3051 2105 3112 Italia
2132 3053 2319 3130 atque
2348 3049 2497 3112 His-

243 3151 322 3208 30
362 3148 552 3227 pania
605 3147 840 3210 civium
897 3147 1325 3210 Romanorum
1382 3148 1640 3208 centum
1694 3149 1884 3227 atque
1934 3163 2121 3224 xxx,
2105 3169 2119 3183 ·
2176 3166 2239 3208 se
2296 3148 2497 3207 morte

366 3242 655 3306 Curionis
683 3247 748 3306 et
776 3243 1158 3305 detrimento
1187 3241 1477 3304 Africani
1518 3243 1827 3304 exercitus
1870 3245 2050 3304 tanto
2044 3241 2499 3321 militumque

364 3340 684 3402 deditione
733 3339 815 3401 ad
857 3338 1196 3401 Curictam.
1289 3338 1561 3400 Proinde
1606 3338 1725 3416 sibi
1764 3359 1835 3400 ac
1877 3339 2257 3420 reipublicae
2286 3356 2497 3417 parce-

364 3439 526 3510 rent,
562 3436 707 3497 cum
736 3433 1048 3516 quantum
1088 3435 1158 3496 in
1185 3435 1348 3497 bello
1377 3434 1635 3509 fontuna
1666 3427 1902 3516 passet,
1937 3437 2069 3516 jam
2096 3433 2217 3516 ipsi
2258 3433 2497 3496 incom-

365 3530 568 3591 modis
596 3530 723 3592 suis
751 3531 900 3592 satis
929 3534 1135 3594 essent
1175 3532 1572 3593 documentO.
1664 3532 1804 3593 Hoc
1846 3552 2050 3593 unum
2084 3551 2213 3594 esse
2242 3534 2497 3610 tempus

246 3627 324 3684 35
367 3625 443 3684 de
471 3645 622 3704 pace
651 3626 900 3706 agendi,
935 3628 1090 3703 dum
1127 3627 1246 3690 sibi
1287 3630 1551 3706 uterque
1596 3629 1940 3691 confideret
1980 3632 2045 3690 et
2088 3647 2269 3709 pares
2312 3627 2495 3690 ambo

366 3717 731 3780 viderentur
758 3742 777 3795 ;
825 3722 876 3782 si
918 3742 1063 3784 vero
1105 3723 1286 3783 alteri
1327 3723 1591 3800 paulum
1633 3724 1819 3784 modo
1860 3724 2183 3787 tribuisset
2211 3725 2490 3799 fortuna,

1197 3855 1232 3896 .’
1355 3851 1469 3914 αἱ.

1376 3911 1411 3932 φ
