2734 4167
253 226 334 284 22
669 268 672 271 ,
1027 222 1145 275 DE
1181 223 1439 276 BELLO
1484 224 1737 279 G'IVILI

371 403 526 465 quos
567 404 643 447 ex
687 383 1052 466 municipiis
1079 386 1403 448 Domitius
1447 388 1831 450 evocaverat.
1922 385 2060 449 Hos
2108 405 2327 450 omnes
2368 406 2519 468 pro·

371 481 594 542 ductos
623 501 660 542 a
688 482 1106 545 contumeliis.
1130 462 1437 544 milituml
1458 483 1881 563 conviciisque
1922 482 2219 563 prohibet
2248 505 2265 560 ;
2303 503 2519 565 pauca

371 578 542 657 apud
569 597 672 640 eos
698 578 1003 657 loquitur,
1038 580 1208 659 quod
1236 579 1357 641 sibi
1388 599 1425 641 a
1452 586 1631 660 parte
1661 599 1883 641 eorum
1908 579 2127 660 gratia*
2146 579 2347 642 relata
2378 600 2519 642 non

371 674 454 737 sit
481 695 596 755 pro
626 674 755 736 suis
784 675 852 735 in
881 695 984 737 eos
1013 676 1306 737 maximis
1347 676 1667 739 beneficiis
1696 698 1714 753 3
1756 676 2033 738 dimittit
2075 696 2294 739 omnes
2337 677 2517 740 inco-

290 774 328 834 5
369 772 589 832 lumeS.
655 787 742 832 Hs
771 788 879 847 Lx,
905 773 1074 852 quod
1096 772 1433 835 advexerat
1463 771 1788 834 Domitius
1816 775 2009 852 atque
2030 771 2099 832 in
2120 772 2380 852 publico
2403 774 2515 835 de-

369 869 686 947 posuerat,
721 867 987 929 allatum
1016 869 1098 929 ad
1129 888 1191 931 se
1220 888 1257 930 a
1284 867 1641 930 duumviris
1682 867 2179 930 Corfiniensibus
2217 868 2515 931 Domitio

370 964 604 1040 reddit,
637 984 718 1026 ne
768 965 1199 1025 continentior
1244 965 1313 1026 in
1356 965 1491 1027 vita
1530 965 1867 1026 hominum
1896 985 2088 1046 quam
2128 965 2198 1025 in
2239 965 2519 1045 pecunia

369 1060 563 1122 fuisse
589 1060 898 1136 videatur,
931 1061 1051 1123 etsi
1095 1081 1236 1123 eam
1268 1062 1609 1141 pecuniam
1637 1061 1966 1141 publicam
2008 1082 2137 1124 esse
2179 1064 2518 1125 constabat

372 1158 710 1238 datamque
756 1178 796 1219 a
844 1157 1146 1237 Pompeio
1187 1157 1257 1217 in
1298 1156 1709 1237 stipendium.
1817 1157 2056 1220 Milites
2104 1157 2518 1219 Domitianos

253 1256 329 1315 10
371 1258 835 1317 sacramentum
875 1256 1044 1335 apud
1073 1274 1136 1316 se
1164 1255 1373 1317 dicere
1399 1255 1583 1335 jubet
1610 1258 1799 1335 atque
1832 1275 1905 1317 eo
1935 1256 2037 1317 die
2066 1258 2270 1317 castra
2297 1259 2520 1318 movet

369 1351 737 1431 justumque
766 1352 890 1413 iter
930 1350 1207 1426 conficit,
1241 1368 1349 1412 vn
1380 1351 1643 1412 omnino
1673 1351 1806 1413 dies
1834 1352 1915 1412 ad
1945 1351 2301 1414 Corfinium
2340 1372 2520 1414 com-

370 1451 670 1523 moratUS,
704 1450 768 1509 et
807 1467 921 1528 per
960 1448 1116 1509 fines
1155 1447 1686 1524 Marrucinorum,
1722 1448 2210 1524 Frentanorum,
2250 1448 2516 1510 Larina-

370 1543 537 1604 tium
564 1544 633 1604 in
661 1543 963 1623 Apuliam
990 1544 1296 1624 pervenit.
1389 1552 1414 1605 1
1897 1612 1911 1623 ,

324 1631 373 1662 ⁹
452 1640 696 1702 XXIV.
748 1640 1107 1720 PompeiuS,
1141 1639 1242 1701 his
1281 1640 1467 1701 rebus
1510 1639 1789 1721 cognitis,
1823 1660 1983 1720 quae
2024 1643 2206 1702 erant
2234 1640 2316 1701 ad
2359 1640 2517 1702 Cor-

253 1737 329 1796 15
371 1735 603 1796 finium
657 1739 886 1816 gestae,
943 1736 1206 1799 Luceria
1245 1735 1670 1815 proficiscitur
1712 1736 2064 1798 Canusium
2120 1740 2310 1818 atque
2361 1737 2515 1801 inde

371 1832 803 1895 Brundisium.
897 1832 1125 1913 Copias
1165 1832 1449 1912 undique
1477 1851 1697 1894 omnes
1725 1853 1801 1894 ex
1843 1833 2024 1894 novis
2052 1834 2403 1895 delectibus
2430 1834 2517 1896 ad

371 1949 434 1992 se
463 1930 600 2011 cogi
629 1930 854 2010 jubet3
895 1949 1120 2005 servos,
1172 1933 1455 2009 pastores
1500 1932 1705 1990 armat
1734 1931 1941 2010 61311116
1968 1930 2047 1991 iis
2090 1950 2281 2011 equos
2326 1931 2513 1991 attri-

369 2026 513 2088 buit
541 2048 558 2105 ;
587 2046 663 2088 ex
690 2026 791 2087 his
814 2026 1066 2087 circiter
1087 2042 1205 2087 ccc
1234 2026 1478 2106 equites
1508 2026 1786 2087 conficit.
1854 2026 1925 2088 L.
1954 2026 2234 2088 Manlius
2256 2031 2516 2107 praetor

369 2121 536 2183 Alba
579 2143 726 2184 cum
771 2122 1132 2183 cohortibus
1177 2142 1283 2183 sex
1327 2121 1638 2203 profugit,
1674 2121 1958 2183 Rutilius
1992 2122 2214 2201 Lupus
2257 2125 2517 2202 praetor

249 2222 329 2281 20
371 2219 712 2280 Tarracina
747 2238 895 2280 cum
921 2217 1126 2279 tribus
1151 2239 1168 2296 3
1211 2238 1372 2299 quae
1406 2218 2020 2298 procul-equitatum
2049 2218 2332 2281 Caesaris
2362 2238 2516 2281 con-

369 2316 663 2396 spicatae,
698 2315 801 2377 cui
842 2318 1128 2395 praeerat
1168 2314 1399 2376 Vibius
1440 2314 1691 2390 Curius,
1726 2315 1948 2377 relicto
1991 2318 2282 2395 praetore
2328 2314 2515 2396 signa

369 2413 452 2474 ad
498 2411 764 2473 Curium
793 2412 1188 2473 transferunt
1215 2414 1406 2491 atque
1448 2412 1530 2471 ad
1577 2430 1725 2472 eum
1766 2414 2118 2473 transeunt.
2210 2411 2377 2473 Item
2416 2430 2512 2474 re-

369 2510 559 2590 liquis
591 2510 923 2572 itineribus
950 2509 1298 2570 nonnullae
1328 2508 1618 2570 cohortes
1646 2509 1715 2568 in
1744 2528 1973 2589 agmen
2004 2508 2311 2595 Caesaris,
2346 2509 2510 2572 aliae

369 2608 439 2668 in
468 2608 708 2687 equites
736 2606 1050 2669 incidunt.
1138 2605 1490 2667 Reducitur
1518 2606 1599 2666 ad
1628 2625 1776 2667 eum
1797 2606 2143 2686 deprensus
2173 2626 2249 2668 ex
2278 2605 2511 2669 itinere

251 2707 327 2766 25
370 2703 452 2763 N.
485 2702 732 2783 Magius
756 2702 1085 2777 Cremona,
1113 2702 1471 2781 praefectus
1497 2702 1755 2763 fabrum
1779 2702 1896 2765 Cn.
1926 2699 2231 2783 Pompeii.
2305 2703 2512 2779 Quem

373 2800 601 2861 Caesar
655 2800 735 2861 ad
790 2819 937 2861 eum
990 2799 1265 2861 remittit
1319 2818 1468 2859 cum
1522 2798 1884 2861 mandatis:
1947 2800 2250 2879 quoniam
2276 2800 2385 2887 gd
2441 2800 2513 2861 id

368 2899 621 2976 tempus
665 2897 934 2958 facultas
983 2894 1379 2976 colloquendi
1435 2914 1567 2955 non
1616 2895 1833 2971 suerit,
1886 2899 2076 2976 atque
2119 2895 2254 2977 ipse
2300 2895 2511 2957 Brun-

370 2993 604 3055 disium
626 2994 708 3055 sit
728 2998 1053 3068 venturus,
1078 2993 1377 3053 interesse
1399 2990 1779 3070 reipublicae
1809 2994 1873 3053 et
1902 2992 2257 3053 communis
2287 2993 2513 3055 salutis

370 3111 432 3153 se
482 3111 629 3152 cum
680 3090 980 3170 Pompeio
1031 3088 1302 3169 colloqui
1334 3110 1350 3165 3
1394 3107 1596 3166 neque
1641 3107 1801 3149 vero>
1834 3088 2003 3150 idem
2045 3088 2270 3168 profici
2314 3089 2509 3171 longo

251 3191 328 3250 30
369 3188 612 3249 itineris
635 3187 860 3268 spatie,
884 3207 1032 3248 cum
1052 3206 1164 3266 per
1185 3185 1337 3246 alios
1359 3183 1761 3246 condiciones
1781 3184 2093 3259 ferantur,
2117 3205 2190 3246 ac
2212 3185 2265 3246 si
2296 3204 2510 3247 coram

370 3285 447 3346 de
503 3284 799 3345 omnibus
855 3282 1334 3346 condicionibus
1390 3282 1797 3363 disceptetur.
1905 3281 2117 3343 XXV.
2168 3281 2291 3343 His
2340 3282 2509 3345 datis

369 3381 686 3442 mandatis
727 3381 1141 3442 Brundisium
1184 3400 1331 3441 cum
1360 3368 1716 3461 legionibus
1744 3396 1820 3440 VI
1848 3379 2160 3458 pervenit,
2194 3379 2509 3441 veteranis

369 3493 461 3535 111
510 3480 573 3536 et
620 3477 876 3557 reliquis
924 3496 1078 3557 quas
1129 3497 1202 3538 ex
1257 3496 1422 3537 novo
1472 3477 1720 3538 delectu
1777 3478 2138 3538 confecerat
2186 3478 2377 3555 atque
2436 3475 2508 3535 in

368 3570 594 3631 itinere
636 3573 1100 3651 compleverat3
1144 3572 1543 3634 Domitianas
1585 3572 1757 3634 enim
1799 3573 2091 3634 cohortes
2127 3572 2425 3652 protinus
2470 3592 2507 3633 a

251 3668 326 3727 35
372 3664 648 3725 Corfinio
676 3666 746 3727 in
768 3661 1046 3728 Siciliam
1076 3668 1349 3729 miserat.
1430 3669 1685 3748 Reperit
1714 3670 2001 3731 consules
2030 3669 2507 3751 Dyrrhachium

368 3760 684 3838 profectos
725 3781 872 3822 cum
914 3782 1144 3843 magna
1171 3769 1348 3842 parte
1390 3766 1723 3842 exercitus,
1758 3766 2138 3846 Pompeium
2178 3786 2507 3831 remanere

2666 3865 2703 4135 —f
2684 3757 2702 3857 -ἓν
2684 2522 2703 3721 2———..-———„-—-
