2734 4167
256 209 336 269 48
1010 206 1128 259 ΒΕ
1167 206 1433 260 BELLO
1479 206 1746 261 CIVILI

373 371 582 433 dabat.
671 370 813 432 Hac
847 371 925 433 de
967 390 1154 433 causa
1195 372 1610 433 constituerat
1638 371 1819 453 signa
1858 371 2282 436 inferentibus
2318 372 2504 438 resis-

371 468 523 541 tere,
583 466 756 546 prior
813 466 1055 546 proelio
1109 487 1239 527 non
1287 468 1597 530 lacessere.
1690 467 2069 531 LXXXIII.
2126 468 2312 532 Acies
2366 474 2505 533 erat

371 562 725 625 Afraniana
772 564 1007 644 duplex
1053 563 1380 645 legionum
1413 580 1481 639 v,
1514 564 1780 627 tertium
1827 563 1897 625 in
1944 564 2240 629 subsidiis
2286 566 2507 629 locum

371 658 597 721 alariae
639 660 926 721 cohortes
969 660 1385 737 obtinebant3
1428 660 1707 721 Caesaris
1746 660 2022 742 triplex3
2080 662 2189 723 sed
2228 661 2507 741 primam

293 760 330 817 5
373 756 571 818 aciem
601 758 937 836 quaternae
979 756 1263 817 cohortes
1291 776 1371 818 ex
1394 772 1445 819 v
1470 756 1823 837 legionibus
1850 759 2171 833 tenebant,
2205 758 2319 819 has
2357 759 2523 820 sub--

371 852 658 914 sidiariae
679 854 892 914 ternae
920 855 984 914 et
1011 872 1226 914 rursus
1249 852 1409 916 aliae
1435 852 1706 915 totidem
1734 873 1879 916 suae
1906 856 2213 935 cujusque
2236 854 2507 936 legionis

373 943 912 1029 subsequebantur
941 970 960 1026 3
1001 948 1311 1029 sagittarii
1338 948 1817 1029 funditoresque
1845 948 2052 1011 media
2094 949 2507 1011 contineban-

373 1048 481 1106 tur
534 1045 687 1121 acie,
751 1045 1072 1127 equitatus
1127 1046 1323 1107 latera
1378 1044 1690 1126 cingebat.
1810 1044 1950 1107 Tali
2001 1044 2315 1107 instructa
2369 1044 2507 1107 acie

370 1145 582 1205 tenere
609 1145 874 1223 uterque
893 1142 1292 1222 propositum
1318 1141 1691 1203 videbatur:
1722 1140 1966 1226 Caesar,
1992 1161 2074 1204 ne
2093 1141 2219 1203 nisi
2247 1144 2507 1203 coactus

253 1240 330 1299 10
371 1239 682 1318 proelium
733 1237 1197 1315 committeret3
1257 1236 1386 1314 ille,
1440 1240 1517 1299 ut
1574 1257 1761 1321 opera
1805 1238 2081 1300 Caesaris
2137 1236 2497 1317 impediret.

374 1334 756 1396 Producitur
782 1337 924 1395 tum
951 1354 1068 1410 res,
1103 1334 1390 1415 aciesque
1418 1335 1499 1395 ad
1526 1333 1673 1395 solis
1715 1353 2005 1395 occasum
2048 1332 2507 1412 continentur3

371 1433 520 1496 inde
568 1433 821 1513 utrique
865 1433 935 1493 in
983 1434 1190 1494 castra
1215 1431 1572 1493 discedunt.
1665 1431 1925 1493 Postero
1968 1431 2069 1493 die
2110 1429 2508 1493 munitiones

371 1529 698 1591 institutas
728 1530 952 1591 Caesar
979 1532 1160 1609 parat
1187 1528 1521 1608 perficere3
1563 1527 1655 1587 illi
1700 1528 1932 1590 vadum
1958 1527 2241 1589 fluminis
2271 1526 2505 1591 Sicoris

372 1629 638 1702 tentare,
665 1626 717 1687 si
739 1626 1008 1687 transire
1033 1629 1306 1706 possent.
1386 1624 1527 1701 Qua
1552 1646 1619 1688 re
1646 1625 2079 1687 animadversa
2101 1624 2327 1693 Caesar
2350 1626 2504 1689 Ger-

253 1725 330 1784 15
373 1741 592 1783 manos
631 1721 786 1783 levis
841 1724 1194 1783 armaturae
1235 1722 1647 1803 equitumque
1687 1724 1934 1802 partem
1976 1722 2215 1784 fiumen
2256 1722 2505 1803 trajicit

373 1819 739 1898 crebrasque
769 1818 839 1879 in
866 1817 1021 1898 ripis
1049 1817 1365 1880 custodias
1395 1817 1698 1897 disponit.
1790 1817 2159 1879 LXXXIV.
2211 1818 2503 1881 Tandem

372 1915 664 1976 omnibus
705 1915 890 1976 rebus
939 1914 1186 1990 obsessi,
1233 1917 1535 1995 quartum
1574 1914 1709 1995 jam
1749 1914 1919 1976 diem
1960 1914 2093 1977 sine
2132 1916 2367 1995 pabulo
2408 1935 2501 1979 re-

373 2012 568 2073 tentis
587 2012 914 2093 jumentis,
941 2030 1156 2092 aquae,
1176 2012 1519 2093 lignorum,
1546 2011 1853 2073 frumenti
1877 2011 2091 2091 inopia
2113 2012 2502 2093 colloquium

369 2112 622 2190 petunt,
651 2112 716 2173 et
744 2109 832 2185 id,
859 2110 914 2171 si
941 2108 1076 2171 fieri
1105 2108 1321 2189 possit,
1355 2110 1595 2170 semoto
1620 2128 1661 2169 a
1689 2106 2000 2169 militibus
2025 2108 2183 2171 locO.
2272 2108 2407 2171 Ubi
2432 2110 2502 2171 id

251 2210 330 2267 20
371 2226 410 2267 a
440 2207 698 2269 Caesare
725 2209 1029 2287 negatum
1069 2209 1152 2281 et,
1185 2206 1397 2285 palam
1439 2205 1490 2267 si
1534 2204 1806 2285 colloqui
1847 2206 2099 2282 vellent,
2137 2223 2502 2269 concessum

371 2306 485 2379 est,
540 2304 730 2364 datur
777 2302 1010 2364 obsidis
1057 2303 1193 2363 loco
1243 2300 1491 2363 Caesari
1535 2300 1705 2363 filius
1744 2300 2016 2362 Afranii.
2108 2301 2385 2364 Venitur
2431 2302 2502 2364 in

371 2420 518 2461 eum
546 2402 758 2462 locum
785 2419 974 2480 quem
1005 2398 1229 2461 Caesar
1256 2396 1499 2479 deligit.
1570 2396 1892 2459 Audiente
1920 2400 2187 2477 utroque
2216 2397 2500 2461 exercitu

368 2495 1024 2577 loquituLMranius:
1066 2514 1197 2555 non
1233 2512 1360 2557 esse
1402 2497 1515 2555 aut
1543 2493 1695 2573 ipsis
1736 2496 1849 2555 aut
1890 2493 2203 2555 militibus
2244 2513 2501 2557 succen-

370 2595 658 2669 sendum,
693 2593 861 2674 quod
888 2593 1080 2654 fidem
1107 2611 1254 2672 erga
1281 2591 1724 2671 imperatorem
1754 2610 1941 2653 suum
1971 2590 2086 2652 Cn.
2125 2591 2501 2671 Pompeium

249 2694 328 2752 25
371 2709 732 2752 conservare
772 2688 1106 2752 voluerint.
1199 2686 1321 2749 Sed
1365 2687 1517 2748 satis
1544 2688 1678 2767 jam
1718 2686 1937 2749 fecisse
1981 2686 2184 2749 officio
2226 2687 2501 2768 satisque

369 2786 664 2867 supplicii
691 2786 927 2847 tulisse.
1020 2784 1349 2864 Perpessos
1393 2783 1681 2844 omnium
1722 2803 1931 2845 rerum
1960 2782 2283 2863 inopiam3
2322 2804 2499 2847 nunc

367 2903 514 2946 vero
541 2902 738 2963 paene
764 2885 841 2942 ut
867 2883 1030 2944 feras
1059 2879 1582 2943 circummunitos
1615 2879 1933 2960 prohiberi
1964 2899 2144 2960 aqua,
2180 2880 2499 2960 prohiberi

369 2979 672 3061 ingresSU,
717 2998 922 3059 neque
963 2996 1220 3058 corpore
1261 2977 1542 3039 dolorem
1583 2995 1786 3056 neque
1830 2975 2042 3037 animo
2082 2976 2502 3057 ignominiam

367 3076 531 3139 ferre
570 3095 788 3156 posse.
860 3075 1084 3155 Itaque
1125 3092 1192 3135 se
1231 3072 1435 3135 victos
1486 3073 1774 3135 confiteri
1800 3094 1817 3150 3
1860 3092 2037 3135 orare
2088 3074 2280 3153 atque
2324 3074 2501 3136 obse-

249 3175 327 3249 39
370 3191 560 3247 crare,
595 3171 647 3233 si
679 3171 789 3253 qui
815 3172 990 3233 locus
1021 3168 1491 3249 misericordiae
1520 3168 1939 3249 relinquatur,
1971 3187 2055 3231 ne
2082 3169 2165 3231 ad
2192 3168 2502 3231 ultimum

369 3267 754 3347 supplicium
799 3265 1093 3348 progredi
1145 3285 1396 3327 necesse
1437 3264 1733 3327 habeant.
1826 3264 2002 3327 Haec
2054 3284 2245 3346 quam
2286 3268 2502 3346 potest

369 3364 808 3427 demississime
865 3367 927 3426 et
983 3363 1472 3444 subjectissime
1506 3360 1787 3441 exponit.
1894 3361 2229 3424 LXXXV.
2278 3360 2386 3423 Ad
2428 3380 2503 3423 ea

371 3459 598 3523 Caesar
637 3460 1000 3539 respondit:
1041 3458 1207 3520 nulli
1237 3458 1529 3520 omnium
1556 3458 1671 3519 has
1696 3459 1909 3538 partes
1935 3459 2037 3521 vel
2064 3456 2502 3539 querimoniae

366 3559 466 3621 vel
509 3556 931 3619 miserationis
979 3555 1194 3617 minus
1249 3554 1633 3619 convenisse.
1725 3554 2024 3635 Reliquos
2066 3553 2240 3617 enim
2280 3574 2502 3617 omnes

248 3656 324 3715 35
367 3653 650 3715 officiium
691 3673 879 3715 suum
917 3650 1299 3733 praestitisse
1327 3674 1341 3714 ε
1385 3650 1471 3729 se,
1506 3650 1617 3733 qui
1660 3651 1855 3713 etiam
1888 3652 2058 3714 bona
2098 3650 2496 3728 condicione,

366 3751 432 3811 et
458 3750 596 3812 loco
626 3750 692 3811 et
720 3750 1003 3829 tempore
1043 3768 1239 3831 aequo
1281 3748 1621 3831 confligere
1662 3748 1964 3826 noluerit,
1997 3750 2075 3811 ut
2116 3766 2311 3831 quam
2336 3746 2501 3813 inte-

202 3416 248 3471 Λ,-
