2734 4167
833 179 1064 246 coms.
1102 192 1220 245 HI.
1265 193 1429 246 GAP.
1469 191 1890 245 Xle-LIV.
2393 196 2469 252 99

205 357 522 438 temporis
569 360 930 438 supererat3
973 377 1080 438 spe
1125 357 1296 418 enim
1339 356 1717 418 conficiendi
1761 355 2001 436 negotii
2044 375 2239 436 prope
2280 355 2351 416 in

205 458 468 517 noctem
527 474 660 516 rem
716 456 1045 526 duxerant.
1137 455 1238 516 Ita
1291 454 1637 516 necessario
1696 457 1883 534 atque
1940 471 2017 515 ex
2065 455 2351 533 tempore

209 557 402 633 capto
451 553 713 614 consilio
743 552 1080 633 Pompeius
1122 555 1449 615 tumulum
1493 553 1810 634 quendam
1855 552 2206 632 occupavit,
2242 551 2351 632 qui

208 653 476 712 tantum
531 650 745 712 aberat
799 670 837 711 a
889 653 1104 712 nostro
1163 651 1442 726 castelle,
1494 653 1571 710 ut
1625 650 1827 710 telum
1885 652 2351 714 tormentumve

209 746 484 810 missum
539 747 710 828 adigi
765 767 894 808 non
942 750 1168 827 posset.
1260 746 1403 808 Hoc
1450 746 1734 808 consedit
1781 747 1921 808 1000
1969 741 2156 826 atque
2207 766 2353 806 cum
2437 750 2471 806 5

211 842 638 906 communivit
687 863 1025 924 omnesque
1075 842 1163 904 ibi
1215 842 1426 923 copias
1476 843 1814 905 continuit.
1913 842 2053 903 LII.
2110 842 2355 902 Eodem·
2431 920 2437 929 ,

211 943 502 1019 tempore
550 938 792 1000 duobus
840 943 1160 1019 praeterea
1201 939 1354 1000 10018
1398 942 1759 1020 pugnatum
1804 941 1940 1017 est3
1981 957 2132 999 nam
2169 939 2356 1018 plura
2434 938 2455 1024 ζ

212 1037 470 1099 castella
491 1036 826 1116 Pompeius
847 1038 1083 1116 pariter
1100 1037 1498 1100 distinendae
1515 1056 1741 1098 manus
1764 1057 1950 1098 causa
1970 1040 2349 1112 tentaverat,
2425 1036 2461 1107 ,λ’
2489 1112 2493 1116 ¹

211 1152 295 1194 ne
325 1153 401 1195 ex
422 1132 726 1213 proximis
749 1133 1072 1212 praesidiis
1101 1133 1382 1195 succurri
1410 1136 1636 1212 posset.
1686 1133 1837 1194 Uno
1861 1134 1997 1195 1000
2020 1133 2397 1195 Volcatius!

215 1229 444 1290 Tullus
486 1229 798 1310 impetum
838 1229 1105 1311 legionis
1148 1228 1455 1291 sustinuit
1501 1229 1865 1291 cohortibus
1909 1229 2114 1291 tribus
2163 1233 2351 1310 atque
2395 1233 2471 1290 10

215 1347 356 1390 eam
381 1327 523 1388 loco
553 1327 797 1406 depulit
821 1349 839 1404 3
881 1327 1078 1389 altero
1102 1326 1400 1388 Germani
1432 1325 1822 1388 munitiones
1851 1330 2097 1388 nostras
2126 1326 2355 1408 egressi

215 1422 650 1503 compluribus
690 1422 1044 1486 interfectis
1090 1443 1220 1486 sese
1265 1424 1345 1484 ad
1392 1442 1536 1484 suos
1565 1422 1913 1484 incolumes
1957 1425 2347 1510 receperunt.

215 1520 396 1582 LIII.
449 1519 552 1580 Ita
577 1539 706 1580 uno
735 1520 836 1601 die
862 1537 939 1582 VI
969 1521 1225 1600 proeliis
1253 1519 1462 1595 factis,
1497 1519 1703 1581 tribus
1745 1521 1826 1581 ad
1856 1505 2361 1602 Dyrrhachium,

213 1616 422 1678 tribus
467 1616 548 1677 ad
574 1615 983 1693 munitiones,
1011 1637 1160 1678 cum
1188 1617 1419 1678 horum
1465 1617 1753 1677 omnium
1797 1616 1959 1677 ratio
1990 1615 2349 1692 haberetur,
2371 1644 2382 1664 τ
2406 1673 2419 1692 x

215 1714 298 1776 ad
326 1713 604 1774 duorum
631 1711 881 1774 milium
907 1734 1172 1776 numero
1215 1735 1290 1776 ex
1320 1713 1721 1794 Pompeianis
1765 1713 2059 1776 cecidisse
2088 1714 2502 1794 reperie-,Qdfi
2573 1706 2603 1764 «'
2676 1766 2686 1774 .

213 1811 461 1885 bamus,
513 1813 796 1872 evocatos
838 1811 1362 1894 centurionesque
1410 1814 1762 1892 complures
1798 1813 1893 1894 (in
1943 1833 2015 1874 eo
2056 1811 2185 1871 fuit
2236 1832 2353 1871 nu-

215 1927 391 1970 mero
443 1906 732 1969 Valerius
781 1907 1046 1994 Flaccus
1102 1909 1173 1970 L.
1229 1907 1421 1985 filius,
1477 1910 1613 1989 ejus
1670 1909 1776 1990 qui
1831 1912 2086 1989 praetor
2138 1907 2357 1968 Asiam

217 2003 642 2084 obtinuerat);
685 2003 986 2085 signaque
1025 2008 1176 2067 sunt
1206 2005 1507 2068 militaria
1537 2026 1642 2091 sex
1670 2007 1884 2068 relata.
1976 2003 2197 2066 Nostri
2225 2023 2357 2063 non

218 2101 494 2180 amplius
518 2117 611 2160 xx
642 2101 936 2163 omnibus
965 2106 1115 2164 sunt
1145 2101 1400 2182 proeliis
1424 2102 1781 2164 desiderati.
1854 2102 1977 2164 Sed
2006 2101 2076 2162 in
2104 2101 2357 2163 castello

220 2216 410 2258 nemo
439 2195 570 2258 fuit
609 2197 868 2259 omnino
912 2199 1195 2262 militum
1241 2198 1398 2278 quin
1442 2200 1900 2275 vulneraretur,
1936 2202 2357 2280 quattuorque
2400 2201 2477 2258 20

221 2313 298 2356 ex
355 2312 486 2355 una
541 2294 796 2356 cohorte
852 2294 1253 2357 centuriones
1317 2295 1531 2357 oculos
1597 2296 1961 2358 amiserunt.
2069 2295 2156 2355 Et
2212 2313 2359 2354 cum

221 2389 454 2469 laboris
513 2389 611 2450 sui
665 2379 1054 2471 periculique
1104 2391 1545 2453 testimonium
1600 2393 1821 2470 afferre
1877 2392 2133 2466 vellent,
2184 2390 2361 2452 milia

224 2487 606 2568 sagittarum
651 2486 900 2548 circiter
941 2504 1090 2548 xxx
1131 2489 1201 2548 in
1255 2490 1585 2550 castellum
1634 2491 1923 2570 conjecta
1969 2486 2218 2550 Caesari
2267 2507 2360 2549 re-

224 2586 746 2658 numeraverunt,
781 2587 1082 2665 scutoque
1111 2585 1190 2646 ad
1221 2605 1369 2646 eum
1414 2587 1614 2648 relato
1662 2586 1926 2648 Scaevae
1972 2583 2361 2648 centurionis

223 2681 488 2742 inventa
515 2683 666 2741 sunt
709 2680 776 2740 in
806 2699 878 2742 eo
905 2681 1219 2742 foramina
1248 2698 1404 2743 cxx.
1497 2681 1700 2756 Quem
1732 2682 1979 2757 Caesar,
2015 2684 2091 2742 ut
2121 2683 2254 2743 erat
2282 2681 2360 2741 de
2402 2681 2481 2740 25

224 2799 288 2842 80
317 2777 582 2840 meritus
611 2779 675 2838 et
704 2777 780 2838 de
809 2777 1150 2857 republica,
1179 2779 1490 2839 donatum
1518 2778 1775 2839 milibus
1806 2795 1881 2839 cc
1943 2825 1958 2840 .
2027 2825 2041 2840 .
2109 2824 2125 2839 .
2174 2779 2362 2857 atque

224 2875 304 2938 ab
333 2873 572 2936 octavis
600 2873 927 2936 ordinibus
953 2877 1035 2936 ad
1061 2875 1461 2956 primipilum
1482 2895 1546 2938 se
1568 2877 1895 2937 traducere
1923 2873 2363 2955 pronuntiavit

227 2970 398 3053 (ejus
427 2969 600 3032 enim
629 2990 816 3050 opera
843 2973 1171 3034 castellum
1201 2993 1433 3055 magna
1462 2993 1538 3034 ex
1565 2976 1745 3055 parte
1773 2975 2208 3034 conservatum
2236 2990 2363 3032 esse

226 3067 589 3148 constabat)
623 3068 1068 3149 cohortemque
1108 3071 1325 3150 postea
1353 3069 1594 3151 duplici
1638 3069 1975 3149 stipendiO,
2011 3069 2359 3143 humente,

228 3169 422 3240 veste,
473 3163 808 3246 congiariis
855 3165 1359 3247 militaribusque
1406 3166 1589 3228 donis
1638 3165 2019 3246 amplissime
2076 3163 2359 3227 donavit.
2407 3163 2486 3229 30

229 3263 400 3326 LIV.
454 3261 792 3341 Pompeius
819 3269 1016 3324 noct-u
1045 3263 1291 3344 magnis
1320 3262 1555 3323 additis
1600 3262 2067 3324 munitionibus
2110 3259 2394 3342 reliquis

228 3360 452 3422 diebus
479 3361 683 3420 turres
729 3360 1039 3422 exstruxit
1084 3364 1147 3422 et
1185 3361 1253 3422 in
1299 3359 1710 3425 altitudinem
1738 3360 1974 3438 pedum
2003 3374 2097 3444 xv
2126 3354 2367 3418 effectis

228 3455 524 3536 operibus
568 3455 770 3518 vineis
813 3475 952 3518 eam
996 3461 1244 3537 partem
1290 3461 1642 3518 castrorum
1688 3455 1948 3529 obtexit,
1982 3457 2047 3516 et
2089 3452 2367 3533 quinque

227 3551 606 3614 intermissis
651 3551 874 3614 diebus
922 3554 1184 3615 alteram
1232 3558 1487 3616 noctem
1536 3552 1939 3614 subnubilam
1987 3553 2213 3610 nactus
2263 3547 2369 3608 ob-

232 3648 492 3712 structis
519 3647 815 3710 omnibus
843 3654 1192 3711 castrorum
1219 3649 1421 3729 portis
1450 3651 1514 3710 et
1543 3649 1624 3709 ad
1653 3645 2133 3726 impediendum
2163 3643 2369 3722 objec-
2411 3645 2489 3704 35

228 3743 340 3822 tis,
393 3745 586 3808 tertia
639 3745 804 3822 inita
849 3746 1066 3826 vigilia
1113 3745 1364 3808 silentio
1416 3743 1765 3806 exercitum
1812 3739 2033 3802 eduxit
2076 3740 2140 3800 et
2188 3757 2253 3798 se
2301 3737 2371 3796 in
