2734 4167
269 237 350 296 24
1046 232 1166 284 DE
1202 231 1466 285 ΒΕΖ-ΕΟ
1507 232 1583 285 01
1592 232 1762 287 VILI

387 395 476 458 rei
505 395 588 457 sit
613 398 892 477 potestas
918 397 1110 472 facta,
1142 396 1283 458 fore
1324 399 1402 457 ut
1441 394 1654 477 aequis
1699 395 2176 460 condicionibus
2220 397 2299 459 ab
2341 396 2538 461 armis

387 493 747 554 discedatur
771 514 788 571 3
827 494 1012 574 cujus
1039 493 1131 555 rei
1159 513 1457 574 magnam
1484 496 1733 574 partem
1760 493 1969 555 laudis
1998 495 2186 574 atque
2214 493 2538 556 existima-

386 589 578 651 tionis
605 590 686 650 ad
715 590 1025 653 Libonem
1051 593 1522 670 perventuram,
1556 590 1608 651 si
1635 590 1746 652 1110
1781 593 2037 652 auctore
2078 593 2266 671 atque
2304 595 2538 673 agente

387 687 465 748 ab
493 686 682 748 armis
711 686 795 748 sit
824 687 1187 749 discessum.
1245 685 1406 747 Libo
1434 706 1472 747 a
1499 687 1814 768 colloquio
1843 686 2074 749 Canini
2104 686 2426 768 digressus
2455 687 2539 749 ad

308 787 344 845 5
388 783 763 863 Pompeium
807 783 1245 863 proficiscitur.
1338 782 1537 844 Paulo
1579 786 1722 864 post
1769 783 2120 859 renuntiat,
2170 769 2340 865 quod
2385 804 2536 846 con-

388 881 551 942 sules
594 880 824 956 absint,
872 880 1007 943 sine
1051 879 1179 941 illis
1215 898 1346 940 non
1387 899 1565 960 posse
1610 880 1713 962 agi
1756 882 1834 943 de
1863 881 2341 961 compositione.
2437 881 2542 942 Ita

389 977 633 1057 saepius
673 997 807 1039 rem
834 978 1073 1039 frustra
1101 979 1416 1038 tentatam
1447 976 1672 1039 Caesar
1713 978 2056 1058 aliquando
2083 977 2542 1040 dimittendam

389 1074 507 1136 sibi
548 1075 794 1155 judicat
838 1077 903 1138 et
947 1076 1025 1137 de
1057 1075 1223 1137 bello
1269 1075 1607 1156 agendum.
1700 1075 1981 1138 XXVII.
2038 1074 2243 1155 Prope
2272 1074 2542 1136 dimidia

327 1178 332 1181 '
388 1175 566 1251 parte
595 1172 797 1252 operis
825 1191 863 1233 a
893 1171 1157 1239 Caesare
1199 1172 1425 1234 effecta
1453 1172 1797 1254 diebusque
1842 1171 1913 1233 in
1942 1192 2016 1235 ea
2041 1192 2109 1234 re
2144 1172 2540 1251 consumptis

272 1270 348 1329 10
389 1284 578 1343 V1111,
612 1258 802 1331 naves
831 1288 868 1329 a
896 1268 1260 1330 consulibus
1288 1269 1691 1350 Dyrrhachio
1726 1268 2037 1345 remissae,
2076 1288 2232 1349 quae
2262 1268 2540 1348 priorem

390 1367 637 1444 partem
665 1365 976 1427 exercitus
1004 1385 1076 1428 eo
1105 1366 1632 1447 deportaverant„
1651 1365 2073 1427 Brundisium
2101 1367 2531 1427 revertuntur.

392 1460 730 1540 Pompeius
779 1462 907 1525 sive
952 1462 1243 1542 operibus
1277 1461 1556 1524 Caesaris
1583 1464 1927 1542 permotus,
1962 1462 2091 1524 sive
2142 1461 2338 1524 etiam
2368 1462 2540 1543 quod

391 1559 470 1620 ab
512 1559 698 1621 initio
727 1559 915 1621 Italia
958 1561 1252 1628 excedere
1294 1560 1730 1635 constituerat,
1766 1560 2043 1622 adventu
2086 1559 2349 1623 navium
2397 1579 2540 1640 pro-

391 1655 733 1718 sectionem
778 1676 997 1735 parare
1041 1656 1291 1738 incipit,
1327 1659 1392 1718 et
1437 1676 1562 1737 quo
1607 1655 1859 1718 facilius
1902 1656 2217 1736 impetum
2258 1655 2541 1718 Caesaris

274 1755 350 1814 15
392 1753 695 1829 tardaret,
729 1773 811 1816 ne
854 1754 970 1817 sub
998 1752 1135 1833 ipsa
1161 1752 1559 1834 profectione
1601 1752 1838 1815 milites
1879 1753 2188 1834 oppidum
2229 1752 2540 1833 irrumpe-

391 1852 555 1923 rent,
616 1853 835 1929 portas
887 1849 1179 1925 obstruit,
1241 1848 1412 1912 vicos
1476 1850 1841 1930 plateasque
1897 1849 2280 1925 inaedificat,
2341 1850 2541 1912 fossas

392 1949 776 2009 transversas
803 1937 922 2008 viis
940 1945 1281 2027 praeducit
1327 1949 1517 2027 atque
1563 1946 1653 2008 ibi
1698 1947 1884 2008 sudes
1927 1946 2295 2027 stipitesque
2324 1966 2541 2026 praea-

394 2047 573 2104 cutos
632 2042 868 2126 defigit.
980 2042 1157 2104 Haec
1211 2041 1454 2104 levibus
1514 2041 1791 2104 cratibus
1848 2045 2141 2123 terraque
2196 2042 2539 2124 inaequat3

394 2138 603 2200 aditus
632 2142 845 2200 autem
867 2141 1057 2219 atque
1084 2138 1317 2201 itinera
1340 2139 1467 2199 duo
1497 2157 1654 2219 quae
1677 2140 1857 2199 extra
1884 2157 2143 2199 murum
2171 2139 2252 2199 ad
2277 2142 2541 2218 portum

274 2239 353 2298 20
392 2235 702 2311 ferebant,
736 2235 1029 2297 maximis
1061 2235 1281 2297 defixis
1308 2235 1595 2297 trabibus
1637 2238 1827 2316 atque
1868 2235 1957 2297 eis
1985 2234 2335 2315 praeacutis
2362 2255 2542 2316 prae-

395 2332 574 2413 sepit.
665 2332 785 2394 His
813 2332 1047 2412 paratis
1085 2332 1269 2394 rebus
1315 2331 1550 2393 milites
1592 2331 1845 2394 silentio
1886 2351 2075 2394 naves
2118 2331 2540 2394 conscendere

393 2430 595 2509 jubet,
633 2430 956 2510 expeditos
997 2432 1212 2491 autem
1255 2448 1330 2491 ex
1373 2427 1666 2504 evocatis,
1701 2427 2042 2509 sagittariis
2075 2427 2541 2490 funditoribus-

396 2546 516 2606 que
560 2546 730 2588 raros
777 2526 847 2586 in
891 2544 1073 2587 muro
1123 2524 1528 2604 turribusque
1573 2510 1871 2604 disponit.
1963 2525 2100 2586 Hos
2142 2528 2312 2587 certo
2354 2525 2540 2605 signo

396 2643 682 2685 revocare
711 2622 1067 2698 constituit,
1101 2641 1249 2684 cum
1278 2640 1494 2683 omnes
1523 2620 1756 2682 milites
1784 2640 1973 2682 naves
2002 2620 2535 2699 conscendissent,

275 2723 352 2782 25
395 2723 583 2799 atque
610 2720 688 2780 iis
717 2717 1009 2799 expedito
1037 2719 1175 2780 loco
1204 2718 1486 2780 actuaria
1522 2717 1774 2799 navigia
1801 2713 2188 2808 relinquitq‘
2211 2718 2532 2782 XXVIII.

396 2816 770 2878 Brundisini
827 2817 1356 2896 Pompeianorum
1426 2815 1710 2878 militum
1778 2813 2033 2895 injuriis
2095 2817 2283 2895 atque
2338 2813 2539 2894 ipsius

397 2912 685 2994 Pompeii
708 2912 1106 2976 contumeliis
1134 2912 1407 2992 permoti
1432 2911 1711 2974 Caesaris
1738 2910 1923 2972 rebus
1943 2910 2274 2974 favebant?
2311 2911 2538 2992 Itaque

396 3009 653 3091 cognita
701 3008 984 3089 Pompeii
1031 3009 1423 3089 profectione
1480 3007 2002 3071 concursantibus
2055 3008 2181 3068 illis
2234 3010 2425 3089 atque
2468 3009 2537 3071 in

394 3126 468 3169 00
493 3126 560 3169 re
597 3105 915 3187 occupatis
958 3106 1150 3187 vulgo
1197 3126 1273 3169 ex
1317 3105 1505 3167 tectis
1551 3104 2014 3185 significabant.
2107 3103 2229 3166 Per
2268 3124 2424 3184 quos
2470 3125 2538 3169 re

276 3206 353 3265 30
395 3203 653 3285 cognita
701 3203 924 3264 Caesar
978 3203 1171 3264 scalas
1226 3201 1434 3282 parari
1491 3201 1846 3281 militesque
1903 3199 2133 3262 armari
2188 3200 2392 3280 jubet,
2452 3221 2536 3264 110

395 3321 587 3381 quam
648 3299 737 3361 rei
797 3299 1105 3380 gerendae
1165 3299 1542 3361 facultatem
1600 3297 1905 3359 dimittat.
2009 3286 2348 3376 Pompeius
2417 3300 2535 3360 sub

393 3400 648 3459 noctem
696 3416 884 3458 naves
935 3396 1143 3459 solvit.
1234 3395 1358 3471 Qui
1405 3398 1586 3457 erant
1625 3395 1695 3455 in
1741 3414 1925 3456 muro
1975 3392 2297 3456 custodiae
2345 3412 2537 3458 causa

397 3492 705 3568 collocati,
766 3512 838 3554 eo
908 3492 1090 3574 signo
1139 3493 1309 3574 quod
1364 3494 1743 3553 convenerat
1795 3493 2171 3553 revocantur
2238 3490 2535 3573 notisque

394 3590 726 3652 itineribus
766 3592 847 3651 ad
875 3610 1065 3653 naves
1093 3591 1460 3653 decurrunt.
1551 3587 1788 3650 Milites
1829 3586 2050 3669 positis
2091 3585 2273 3649 scalis
2315 3607 2533 3651 muros

278 3689 355 3749 35
397 3688 765 3762 ascendunt,
827 3688 936 3749 sed
989 3687 1217 3749 moniti
1274 3707 1312 3749 a
1367 3685 1795 3749 Brundisinis·
1835 3687 1910 3745 ut
1963 3683 2202 3746 vallum
2270 3693 2542 3748 caecum'
2591 3701 2598 3712 ·

396 3784 713 3863 fossasque
742 3786 1022 3859 caveant,
1056 3783 1411 3846 subsistunt
1438 3786 1503 3847 et
1529 3784 1719 3864 longo
1755 3780 1982 3843 itinere
2008 3780 2089 3841 ab
2115 3778 2234 3846 his‘
2258 3780 2534 3845 circum·
2636 3849 2642 3854 ,
