2734 4167
237 195 316 254 92
1005 134 1134 234 DE:
1164 180 1431 234 Bru-,Lo
1479 181 1739 236 CIVILI

354 348 590 430 posuit.
684 344 911 408 Paucis
957 345 1178 408 diebus
1214 343 1606 426 interpositis
1649 349 1847 407 noctu
1875 346 2154 430 ‘insidias
2202 346 2491 427 equitum

355 443 706 518 collocavit,
741 463 866 524 quo
895 443 964 504 in
1004 445 1142 505 loco
1171 441 1598 523 superioribus
1626 443 1756 504 fere
1796 443 2031 509 diebus,
2045 442 2247 504 nostri
2296 443 2493 522 pabu-

355 540 472 602 lari
523 542 901 602 consuerant
925 562 944 618 3
987 542 1051 601 et
1079 559 1227 601 cum
1256 538 1628 621 quotidiana
1658 538 2117 601 consuetudine
2150 539 2221 613 Q.
2258 539 2486 615 Varus,

355 637 713 717 praefectus
757 635 1047 717 equitum
1075 634 1373 711 Domitii,
1407 636 1699 716 ven-isset,
1734 635 1957 714 subito·
1987 634 2083 695 illi
2128 655 2205 696 ex
2246 634 2493 697 insidiis

275 738 312 796 5
357 735 903 795 consurrexerunt.
996 731 1118 794 Sed
1162 732 1363 794 nostri
1408 733 1667 794 fortiter
1710 731 2026 812 impetum
2068 751 2288 794 eorum
2332 733 2493 794 tule-

355 833 510 890 runt
538 823 944 908 celeriterque
989 829 1070 889 ad
1099 848 1243 889 suos
1271 828 1534 910 quisque
1580 827 1830 890 ordines
1877 827 2043 890 redit
2087 831 2275 910 atque
2318 830 2492 890 ultro

353 926 632 988 universi
675 925 744 986 in
771 925 981 986 hostes
1022 925 1338 1006 impetum
1378 925 1713 1003 fecerunt3
1756 945 1834 988 ex
1877 925 1977 986 his
2024 925 2276 987 circiter
2304 913 2505 986 LXXX*

354 1022 727 1099 interfectis,
782 1022 1040 1103 reliquis
1085 1023 1156 1084 in
1198 1024 1423 1106 fugam
1466 1022 1791 1104 conjectis,
1842 1023 2089 1085 duobus
2134 1023 2376 1084 amissis
2422 1024 2495 1085 in

355 1123 558 1183 castra
585 1140 648 1182 se
676 1122 1064 1200 receperunt.
1157 1119 1540 1182 XXXVIII.
1593 1120 1713 1181 His
1742 1121 1927 1182 rebus
1954 1120 2147 1202 gestis
2170 1121 2495 1182 Domitius

235 1221 312 1280 10
354 1237 610 1298 sperans
662 1215 1026 1297 Scipionem
1075 1216 1157 1277 ad
1199 1236 1487 1298 pugnam
1537 1216 1680 1278 elici
1727 1237 1929 1297 posse,
1984 1212 2308 1280 simulavit
2364 1237 2495 1281 sese

353 1312 664 1394 angustiis
691 1313 781 1374 rei
809 1311 1262 1374 frumentariae
1293 1314 1646 1374 adductum
1674 1316 1877 1375 castra
1906 1333 2176 1389 movere,
2209 1313 2497 1395 vasisque

351 1410 615 1472 militari
643 1429 817 1472 more
847 1409 1256 1472 conclamatis
1297 1429 1659 1491 progressus
1701 1410 1877 1484 milia
1904 1431 2206 1491 passuum
2236 1429 2326 1472 111
2355 1413 2496 1474 loco

351 1507 580 1569 idoneo
609 1510 673 1568 et
703 1507 952 1568 occulto
981 1526 1238 1569 omnem
1260 1507 1610 1569 exercitum
1632 1507 2111 1589 equitatumque
2134 1508 2487 1570 collocavit.

354 1603 565 1683 Scipio
608 1604 688 1664 ad
716 1603 1107 1684 sequendum
1152 1607 1411 1683 paratus
1452 1603 1743 1684 equitum
1784 1624 2084 1686 magnam
2117 1607 2367 1684 partem
2412 1605 2498 1667 ad

233 1705 310 1764 15
353 1700 813 1780 explorandum
841 1699 964 1762 iter
992 1697 1261 1761 Domitii
1293 1703 1356 1762 et
1386 1701 1897 1782 cognoscendum
1926 1701 2271 1780 praemisit.
2368 1699 2497 1776 Qui
2582 1710 2585 1712 ’

355 1817 502 1859 cum
523 1801 728 1860 essent
755 1796 1084 1878 progressi,
1111 1795 1477 1877 primaeque
1499 1801 1746 1859 turmae
1773 1796 2035 1858 insidias
2057 1796 2489 1875 intravissent,

355 1913 432 1956 ex
478 1893 742 1956 frefn‘ffu
791 1905 1097 1973 equorum
1145 1891 1322 1953 illata
1373 1892 1728 1972 suspicione
1780 1894 1863 1954 ad
1915 1913 2059 1955 suos
2109 1913 2172 1956 se
2222 1873 2497 1975 recipere

357 1992 717 2070 coeperunt,
752 1989 985 2070 quique
1013 1989 1128 2050 hos
1157 1985 1582 2070 sequeba'ntur
1622 1991 1888 2052 celerem
1917 2010 2137 2052 eorum
2164 1994 2496 2070 receptum

357 2085 703 2166 conspicati
749 2084 1139 2147 restiterunt.
1230 2085 1452 2146 Nostri
1498 2085 1771 2168 cognitis
1815 2085 2081 2163 insidiis,
2131 2107 2213 2148 ne
2254 2087 2497 2150 frustra

237 2187 316 2246 20
357 2183 629 2262 reliquos
657 2185 1112 2261 exspectarent,
1137 2182 1294 2243 duas
1323 2181 1499 2243 nacti
1524 2185 1767 2244 turmas
1794 2186 2198 2262 exceperunt,
2224 2203 2498 2264 quarum

356 2278 654 2360 perpauci
681 2279 838 2360 fuga
865 2299 928 2341 se
957 2279 1037 2340 ad
1065 2295 1208 2341 suos
1237 2281 1611 2358 receperunt
1640 2300 1658 2356 3
1686 2279 1756 2339 in
1784 2279 1885 2340 his
1911 2279 2041 2340 fuit
2074 2280 2160 2341 M.
2203 2280 2498 2361 Opimius

355 2377 712 2458 praefectus
742 2375 1048 2457 equitum.
1141 2373 1440 2455 Reliquos
1482 2394 1696 2436 omnes
1738 2395 1955 2438 earum
1983 2379 2342 2438 turmarum
2383 2380 2499 2440 aut

358 2474 814 2536 interfecerunt
842 2475 954 2534 aut
983 2474 1198 2552 captos
1226 2472 1307 2532 ad
1337 2471 1701 2532 Domitium
1730 2473 2149 2544 deduxerunt.

439 2568 751 2630 XXXIX.
803 2567 1110 2630 Deductis
1150 2586 1294 2628 orae
1342 2567 1699 2629 maritimae
1743 2569 2069 2649 praesidiis
2124 2569 2370 2647 Caesar,
2419 2573 2497 2632 ut

239 2669 316 2728 25
359 2685 548 2746 supra
593 2666 1099 2726 demonstratum
1143 2665 1259 2738 est,
1297 2680 1386 2723 111
1438 2665 1726 2726 cohortes
1777 2664 1951 2727 Orici
2002 2665 2221 2746 oppidi
2270 2667 2499 2728 tuendi

357 2782 544 2824 causa
587 2761 844 2842 reliquit
890 2759 1236 2840 iisdemque
1281 2760 1635 2822 custodiam
1683 2761 1943 2822 navium
1986 2763 2325 2844 longarum
2373 2766 2498 2826 tra-

358 2858 524 2920 didit
579 2877 734 2938 quas
790 2876 865 2919 ex
915 2856 1103 2918 Italia
1155 2857 1542 2920 traduxerat.
1650 2857 1822 2919 Huic
1879 2858 2084 2920 officio
2140 2858 2499 2940 oppidoque

359 2953 613 3016 Manius
629 2953 874 3015 Acilius
902 2954 1150 3034 legatus
1178 2957 1484 3033 praeerat.
1552 2953 1617 3015 Is
1642 2974 1833 3017 naves
1861 2958 2107 3017 nostras
2128 2955 2519 3044 interiorem5

357 3051 426 3112 in'
455 3054 714 3131 portum
734 3052 878 3130 post
899 3048 1208 3128 oppidum
1235 3049 1492 3110 reduxit
1514 3052 1579 3112 et
1598 3052 1680 3112 ad
1708 3054 1942 3113 terram
1965 3051 2268 3132 deligavit
2297 3053 2497 3114 fauci-
2522 3039 2525 3051 ’

240 3153 320 3212 30
356 3149 598 3228 busque
625 3149 848 3226 portus
892 3164 1117 3206 navem
1162 3144 1515 3206 onerariam
1566 3148 1953 3210 submersam
1982 3148 2219 3228 objecit
2248 3152 2313 3209 et
2346 3149 2498 3210 huic

359 3245 623 3306 alteram
673 3241 1051 3322 conjunxit3
1094 3261 1282 3320 super
1332 3262 1485 3322 quas
1535 3244 1767 3305 turrim
1817 3245 2108 3306 effectam
2157 3246 2237 3306 ad
2286 3244 2498 3324 ipsum

357 3340 697 3401 introitum
725 3342 948 3419 portus
978 3337 1272 3418 opposuit
1314 3341 1378 3400 et
1421 3339 1731 3401 militibus
1776 3341 2117 3420 complevit
2161 3342 2497 3403 tuendam-

360 3457 481 3516 que
510 3437 590 3498 ad
620 3456 836 3498 omnes
877 3435 1238 3515 repentinos
1279 3455 1457 3498 casus
1498 3438 1783 3500 tradidit.
1874 3439 2012 3500 XL.
2066 3439 2309 3513 Quibus
2352 3459 2496 3520 cog-

361 3533 514 3594 nitis
543 3533 726 3594 rebus
751 3533 866 3594 Cn.
895 3531 1232 3611 Pompeius
1253 3533 1443 3609 filius,
1466 3535 1577 3615 qui
1606 3535 1787 3597 classi
1812 3536 2161 3617 Aegyptiac
2182 3540 2489 3616 praeerat,

243 3630 320 3686 35
363 3629 445 3688 ad
491 3627 752 3689 Oricum
789 3629 964 3690 venit
1009 3631 1518 3712 submersamque
1563 3652 1791 3695 navem
1831 3634 2111 3695 remulco
2151 3633 2494 3714 multisque
2572 3668 2583 3676 ·

364 3724 749 3786 contendens
775 3725 1040 3788 funibus
1068 3728 1355 3804 adduxit,
1390 3733 1580 3811 atque
1608 3731 1881 3793 alteram·
1898 3750 2146 3806 navem,
2174 3751 2332 3812 quae
2360 3733 2492 3794 erat
