2734 4167
281 202 360 264 64
1037 198 1158 251 DE
1196 196 1466 273 Bl'LLo
1512 200 1777 253 OIVILI

398 381 462 425 se
489 360 560 423 in
599 365 802 427 castra
839 362 924 425 ad
958 362 1270 442 oppidum
1295 365 1689 443 receperunt.
1780 363 2053 427 Interim
2086 364 2365 427 adventu
2394 365 2537 427 lon-

396 479 620 540 garum
659 459 918 523 navium
960 458 1153 521 Curio
1193 460 1607 540 pronuntiare
1655 460 1955 523 onerariis
2007 461 2273 525 navibus
2313 463 2526 544 jubet,

291 624 294 629 ,
397 577 556 637 quae
595 559 848 620 stabant
887 558 968 619 ad
1008 557 1268 620 Uticam
1308 578 1575 620 numero
1616 558 1867 621 circiter
1894 574 1994 634 00,
2028 578 2093 621 80
2132 558 2203 621 in
2245 559 2535 621 hostium

395 653 766 716 habiturum
792 655 928 717 1000
957 653 1066 734 001
1093 674 1224 715 1100
1264 673 1297 716 0
1339 652 1604 734 vestigio
1636 654 1720 715 ad
1749 653 1968 716 Castra
1996 653 2373 717 Corneliana
2398 657 2535 717 tra—

315 753 352 811 5
396 749 692 813 duxisset.
765 750 902 825 Qua
927 750 1445 830 pronuntiatione
1466 750 1640 813 facta
1664 750 1969 831 temporis
1993 753 2234 831 puncto
2262 749 2533 813 sublatis

395 846 636 909 ancoris
691 866 908 909 omnes
955 846 1216 909 Uticam
1269 848 1641 928 relinquunt
1697 849 1761 909 et
1810 867 1935 927 quo
1988 847 2375 927 imperatum
2428 852 2535 911 est

394 945 745 1007 transeunt.
849 944 1020 1019 Quae
1064 964 1162 1006 res
1195 944 1485 1005 omnium
1525 963 1739 1006 rerum
1792 943 1975 1024 copia
2026 944 2368 1025 complevit
2420 964 2531 1007 ex-

395 1039 682 1103 ercitum.
784 1040 1030 1103 XXVI.
1081 1039 1202 1102 His
1242 1041 1430 1103 rebus
1484 1039 1677 1121 gestis
1724 1039 1918 1101 Curio
1958 1060 2022 1103 se
2062 1040 2134 1101 in
2188 1044 2391 1103 castra
2444 1042 2533 1103 ad

395 1135 748 1216 Bagradam
801 1136 1028 1217 recipit
1083 1139 1271 1216 atque
1325 1136 1605 1199 universi
1660 1136 1971 1199 exercitus
2028 1135 2529 1205 conclamatione

275 1234 354 1295 10
392 1231 735 1312 imperator
761 1234 1135 1313 appellatur,
1155 1236 1529 1313 posteroque
1558 1233 1661 1295 die
1688 1233 2037 1295 exercitum
2055 1233 2317 1295 Uticam
2345 1232 2529 1295 ducit

393 1332 459 1391 et
484 1349 679 1409 prope
709 1330 1016 1409 oppidum
1055 1333 1258 1393 castra
1295 1329 1499 1409 ponit.
1590 1329 1897 1391 Nondum
1942 1349 2127 1409 opere
2175 1334 2529 1393 castrorum

392 1426 674 1505 perfecto
702 1425 944 1506 equites
973 1445 1050 1488 ex
1083 1426 1373 1521 statione
1381 1425 1687 1487 nuntiant
1714 1444 1945 1506 magna
1970 1425 2207 1487 auxilia
2233 1426 2528 1506 equitum

390 1523 805 1603 peditumque
853 1524 932 1585 ab
971 1542 1118 1603 rege
1157 1522 1346 1585 missa
1374 1522 1635 1585 Uticam
1676 1522 1929 1601 venire3
1976 1523 2323 1604 eodemque
2362 1526 2529 1585 tem-

391 1639 542 1699 pore
590 1618 684 1681 vis
729 1616 962 1699 magna
1006 1618 1284 1699 pulveris
1337 1620 1732 1695 cernebatur,
1782 1622 1848 1682 et
1901 1618 2167 1700 vestigio
2220 1619 2529 1699 temporis

274 1718 350 1779 15
390 1714 671 1796 primum
711 1735 938 1797 agmen
983 1718 1118 1779 erat
1155 1715 1226 1777 111
1265 1719 1627 1795 conspectu.
1716 1715 2015 1777 Novitate
2043 1715 2133 1779 rei
2163 1715 2357 1777 Curio
2384 1735 2527 1795 per-

391 1814 604 1873 motus
641 1811 998 1892 praemittit
1038 1812 1300 1892 equiteS,
1341 1812 1451 1893 qui
1493 1811 1773 1893 primum
1813 1812 2129 1893 impetum
2169 1812 2527 1875 sustineant

389 1930 462 1973 ac
509 1914 874 1989 morentur3
922 1909 1055 1990 ipse
1110 1910 1399 1973 celeriter
1451 1911 1531 1972 ab
1585 1930 1770 1990 opere
1826 1911 2117 1973 deductis
2169 1909 2529 1991 legionibus

391 2007 591 2071 aciem
617 2007 894 2070 instruit.
985 2007 1377 2087 Equitesque
1419 2007 1834 2069 committunt
1860 2007 2173 2088 proelium
2202 2011 2286 2082 et,
2319 2007 2526 2087 prius-

390 2111 581 2184 quam
626 2101 814 2184 plane
866 2103 1144 2184 legiones
1199 2103 1498 2184 explicari
1548 2104 1613 2165 et
1666 2103 2007 2165 consistere
2060 2106 2336 2184 possent,
2386 2106 2529 2165 tota

269 2203 348 2261 20
389 2199 624 2261 auxilia
661 2199 826 2280 regis
863 2199 1174 2281 impedita
1219 2220 1292 2263 ac
1331 2200 1721 2308 perturbata,
1762 2200 1935 2280 quod
1974 2200 2152 2261 nullo
2194 2198 2417 2262 ordine
2458 2203 2527 2263 et

389 2296 521 2359 81110
561 2296 790 2358 timore
837 2295 960 2358 iter
997 2296 1303 2372 fecerant,
1337 2296 1408 2357 in
1446 2296 1670 2378 fugam
1711 2296 2067 2377 conjiciunt
2108 2295 2525 2377 equitatuque

389 2393 564 2455 omni
587 2393 723 2456 1010
751 2392 1076 2469 incolumi,
1111 2394 1282 2473 quod
1309 2413 1373 2455 se
1400 2413 1514 2473 per
1553 2393 1741 2455 litora
1781 2392 2119 2456 celeriter
2100 2412 2170 2453 111
2212 2392 2525 2471 oppidum

387 2490 645 2571 recepit,
678 2510 984 2571 magnum
1009 2489 1302 2570 peditum
1341 2509 1684 2552 nnmerum
1722 2489 2139 2552 interficiunt.
2186 2471 2227 2557 s
2227 2489 2515 2552 XXVII

389 2587 684 2649 Proxima
702 2588 888 2649 nocte
909 2586 1310 2649 centuriones
1331 2587 1524 2649 Marsi
1548 2588 1676 2649 duo
1702 2607 1780 2649 ex
1808 2587 2027 2649 castris
2051 2586 2345 2649 Curionis
2372 2606 2525 2649 cum

267 2687 346 2747 25
385 2682 884 2791 manipularibus
913 2682 1042 2745 8018
1070 2700 1230 2745 xxn
1255 2684 1339 2745 ad
1365 2682 1624 2745 Attium
1653 2683 1899 2745 Varum
1925 2682 2323 2764 perfugiunt.
2402 2682 2518 2758 Hi,

387 2779 516 2841 sive
544 2799 686 2843 vere
715 2799 904 2859 quam
932 2780 1290 2842 habuerant
1327 2779 1691 2860 opinionem
1718 2780 1801 2841 ad
1828 2798 1977 2841 eum
2002 2780 2357 2859 perferunt,
2392 2778 2525 2841 sive

387 2876 580 2937 etiam
609 2875 864 2938 auribus
892 2875 1047 2937 Vari
1075 2876 1359 2939 serviunt
1378 2876 1571 2984 (nam
1600 2894 1759 2956 quae
1787 2876 2081 2969 volumus
2106 2878 2176 2937 et
2203 2875 2527 2937 credimus

386 2973 677 3048 libenter,
711 2976 777 3035 et
815 2992 972 3053 0000
1022 2972 1332 3035 sentimus
1373 2971 1495 3051 ipsi
1538 2960 1834 3052 rehquos
1860 2970 2093 3033 sentire
2141 2968 2522 3051 speramus),

386 3054 765 3131 confirmant
791 3067 1050 3149 quidem
1092 3070 1262 3131 certe
1288 3067 1489 3130 totius
1516 3066 1829 3129 exercitus
1856 3066 2101 3129 animos
2126 3064 2363 3129 alienos
2391 3084 2525 3128 esse

265 3170 345 3229 30
385 3187 423 3228 0
465 3166 758 3241 Curione,
792 3165 1187 3247 maximeque
1229 3183 1389 3259 opus
1430 3183 1588 3237 essa-
1602 3162 1674 3223 in
1718 3166 2129 3243 conspectum
2170 3162 2527 3225 exercitum

384 3262 600 3327 venire
645 3266 712 3325 et
759 3262 1157 3343 colloquendi
1205 3263 1354 3325 dare
1394 3262 1789 3324 facultatem.
1881 3260 2021 3336 Qua
2068 3259 2365 3340 opinione
2413 3260 2525 3323 ad·-

385 3361 616 3422 ductus
643 3360 850 3422 Varus
896 3362 1146 3440 postero
1195 3358 1296 3421 die
1344 3378 1530 3421 mane
1570 3357 1849 3439 legiones
1890 3377 1967 3419 ex
2015 3356 2235 3419 castris
2276 3355 2517 3421 educit.

385 3456 568 3519 Facit
595 3456 766 3519 idem
797 3455 1010 3532 Guri0,
1033 3459 1220 3536 atque
1249 3474 1381 3517 una
1407 3453 1567 3517 valle
1596 3473 1727 3515 non
1754 3472 1987 3535 magna
2012 3452 2355 3533 interjecta
2379 3471 2527 3516 suas

385 3555 652 3633 uterque
701 3552 910 3631 copias
956 3551 1236 3613 instruit.
1340 3548 1658 3611 XXVIII.
1709 3548 1867 3611 Erat
1914 3548 1985 3609 in
2032 3546 2317 3611 exercitu
2364 3548 2525 3611 Vari

266 3651 346 3711 35
387 3648 615 3711 Sextus
658 3647 1006 3723 Quintilius
1039 3648 1268 3721 Varus,
1301 3665 1493 3726 quem
1532 3645 1729 3707 fnisse
1758 3642 2001 3706 Corfini
2042 3663 2235 3725 supra
2260 3644 2523 3707 demon-

387 3745 658 3806 stratum
701 3746 814 3807 est.
905 3742 1032 3806 Hic
1074 3741 1369 3805 dimissus
1409 3761 1447 3803 a
1489 3740 1747 3804 Caesare
1789 3740 1859 3803 in
1900 3739 2191 3805 Africam
2234 3743 2515 3817 venerat,
