<?xml version="1.0" encoding="UTF-8"?>
<!DOCTYPE html PUBLIC "-//W3C//DTD XHTML 1.0 Transitional//EN"
    "http://www.w3.org/TR/xhtml1/DTD/xhtml1-transitional.dtd">
<html xmlns="http://www.w3.org/1999/xhtml" xml:lang="en" lang="en">
 <head>
  <title>
</title>
<meta http-equiv="Content-Type" content="text/html;charset=utf-8" />
  <meta name='ocr-system' content='tesseract 3.04.00' />
  <meta name='ocr-capabilities' content='ocr_page ocr_carea ocr_par ocr_line ocrx_word'/>
</head>
<body>
  <div class='ocr_page' id='page_1' title='image "./cjuliicaesarisd00perrgoog_0092.png"; bbox 0 0 2734 4167; ppageno 0'>
   <div class='ocr_carea' id='block_1_1' title="bbox 803 188 2431 251">
    <p class='ocr_par' dir='ltr' id='par_1_1' title="bbox 803 188 2431 251">
     <span class='ocr_line' id='line_1_1' title="bbox 803 188 2431 251; baseline 0.004 -9"><span class='ocrx_word' id='word_1_1' title='bbox 803 188 1033 242; x_wconf 76' lang='lat' dir='ltr'>GOMM.</span> <span class='ocrx_word' id='word_1_2' title='bbox 1082 189 1195 241; x_wconf 91' lang='lat' dir='ltr'>III.</span> <span class='ocrx_word' id='word_1_3' title='bbox 1248 188 1419 242; x_wconf 75' lang='lat' dir='ltr'>OAP.</span> <span class='ocrx_word' id='word_1_4' title='bbox 1471 190 1813 246; x_wconf 81' lang='lat' dir='ltr'><strong><em>XII—XVI.</em></strong></span> <span class='ocrx_word' id='word_1_5' title='bbox 2356 193 2431 251; x_wconf 91' lang='grc'>81</span> 
     </span>
    </p>
   </div>
   <div class='ocr_carea' id='block_1_2' title="bbox 144 350 2442 2173">
    <p class='ocr_par' dir='ltr' id='par_1_2' title="bbox 189 350 2320 726">
     <span class='ocr_line' id='line_1_2' title="bbox 193 350 2314 434; baseline -0 -18"><span class='ocrx_word' id='word_1_6' title='bbox 193 353 356 417; x_wconf 86' lang='lat' dir='ltr'>enim</span> <span class='ocrx_word' id='word_1_7' title='bbox 405 352 725 433; x_wconf 70' lang='lat' dir='ltr'>dispositis</span> <span class='ocrx_word' id='word_1_8' title='bbox 773 351 986 413; x_wconf 89' lang='lat' dir='ltr'>omnia</span> <span class='ocrx_word' id='word_1_9' title='bbox 1032 351 1218 413; x_wconf 87' lang='lat' dir='ltr'>litora</span> <span class='ocrx_word' id='word_1_10' title='bbox 1265 371 1303 413; x_wconf 85' lang='lat' dir='ltr'>a</span> <span class='ocrx_word' id='word_1_11' title='bbox 1353 350 1612 414; x_wconf 81' lang='lat' dir='ltr'>Caesare</span> <span class='ocrx_word' id='word_1_12' title='bbox 1660 353 2060 428; x_wconf 88' lang='lat' dir='ltr'>tenebantur,</span> <span class='ocrx_word' id='word_1_13' title='bbox 2110 372 2314 434; x_wconf 91' lang='lat' dir='ltr'>neque</span> 
     </span>
     <span class='ocr_line' id='line_1_3' title="bbox 191 448 2315 531; baseline 0 -22"><span class='ocrx_word' id='word_1_14' title='bbox 191 448 474 530; x_wconf 87' lang='lat' dir='ltr'>lignandi</span> <span class='ocrx_word' id='word_1_15' title='bbox 524 452 713 530; x_wconf 89' lang='lat' dir='ltr'>atque</span> <span class='ocrx_word' id='word_1_16' title='bbox 743 448 1019 529; x_wconf 80' lang='lat' dir='ltr'>aquandi</span> <span class='ocrx_word' id='word_1_17' title='bbox 1049 468 1250 529; x_wconf 89' lang='lat' dir='ltr'>neque</span> <span class='ocrx_word' id='word_1_18' title='bbox 1278 468 1467 511; x_wconf 80' lang='lat' dir='ltr'>naves</span> <span class='ocrx_word' id='word_1_19' title='bbox 1496 451 1577 511; x_wconf 84' lang='lat' dir='ltr'>ad</span> <span class='ocrx_word' id='word_1_20' title='bbox 1605 451 1840 511; x_wconf 86' lang='lat' dir='ltr'>terram</span> <span class='ocrx_word' id='word_1_21' title='bbox 1867 450 2177 531; x_wconf 89' lang='lat' dir='ltr'>religandi</span> <span class='ocrx_word' id='word_1_22' title='bbox 2206 470 2315 530; x_wconf 89' lang='lat' dir='ltr'>po-</span> 
     </span>
     <span class='ocr_line' id='line_1_4' title="bbox 197 547 2316 628; baseline -0 -19"><span class='ocrx_word' id='word_1_23' title='bbox 197 548 376 609; x_wconf 79' lang='lat' dir='ltr'>testas</span> <span class='ocrx_word' id='word_1_24' title='bbox 403 548 612 609; x_wconf 86' lang='lat' dir='ltr'>fiebat.</span> <span class='ocrx_word' id='word_1_25' title='bbox 703 547 860 608; x_wconf 89' lang='lat' dir='ltr'>Erat</span> <span class='ocrx_word' id='word_1_26' title='bbox 888 563 985 609; x_wconf 85' lang='lat' dir='ltr'>res</span> <span class='ocrx_word' id='word_1_27' title='bbox 1012 547 1081 608; x_wconf 92' lang='lat' dir='ltr'>in</span> <span class='ocrx_word' id='word_1_28' title='bbox 1110 567 1340 628; x_wconf 88' lang='lat' dir='ltr'>magna</span> <span class='ocrx_word' id='word_1_29' title='bbox 1369 547 1764 623; x_wconf 85' lang='lat' dir='ltr'>difficultate,</span> <span class='ocrx_word' id='word_1_30' title='bbox 1793 547 2178 627; x_wconf 81' lang='lat' dir='ltr'>summisque</span> <span class='ocrx_word' id='word_1_31' title='bbox 2207 567 2316 608; x_wconf 86' lang='lat' dir='ltr'>an-</span> 
     </span>
     <span class='ocr_line' id='line_1_5' title="bbox 189 643 2320 726; baseline 0 -22"><span class='ocrx_word' id='word_1_32' title='bbox 189 644 411 724; x_wconf 83' lang='lat' dir='ltr'>gustiis</span> <span class='ocrx_word' id='word_1_33' title='bbox 428 664 642 705; x_wconf 90' lang='lat' dir='ltr'>rerum</span> <span class='ocrx_word' id='word_1_34' title='bbox 661 643 1151 706; x_wconf 89' lang='lat' dir='ltr'>necessariarum</span> <span class='ocrx_word' id='word_1_35' title='bbox 1168 644 1638 724; x_wconf 85' lang='lat' dir='ltr'>premebantur,</span> <span class='ocrx_word' id='word_1_36' title='bbox 1661 645 1815 705; x_wconf 93' lang='lat' dir='ltr'>adeo</span> <span class='ocrx_word' id='word_1_37' title='bbox 1843 647 1920 704; x_wconf 91' lang='lat' dir='ltr'>ut</span> <span class='ocrx_word' id='word_1_38' title='bbox 1941 647 2320 726; x_wconf 79' lang='lat' dir='ltr'>cogerentur</span> 
     </span>
    </p>

    <p class='ocr_par' dir='ltr' id='par_1_3' title="bbox 144 738 2442 2173">
     <span class='ocr_line' id='line_1_6' title="bbox 144 738 2436 824; baseline 0 -24"><span class='ocrx_word' id='word_1_39' title='bbox 144 772 147 777; x_wconf 95' lang='lat'>·</span> <span class='ocrx_word' id='word_1_40' title='bbox 190 738 374 801; x_wconf 87' lang='lat' dir='ltr'>sicuti</span> <span class='ocrx_word' id='word_1_41' title='bbox 415 740 729 820; x_wconf 91' lang='lat' dir='ltr'>reliquum</span> <span class='ocrx_word' id='word_1_42' title='bbox 771 744 1194 802; x_wconf 79' lang='lat' dir='ltr'>commeatum</span> <span class='ocrx_word' id='word_1_43' title='bbox 1228 740 1318 800; x_wconf 84' lang='lat' dir='ltr'>ita</span> <span class='ocrx_word' id='word_1_44' title='bbox 1345 740 1521 821; x_wconf 85' lang='lat' dir='ltr'>ligna</span> <span class='ocrx_word' id='word_1_45' title='bbox 1562 742 1750 820; x_wconf 86' lang='lat' dir='ltr'>atque</span> <span class='ocrx_word' id='word_1_46' title='bbox 1793 759 2020 821; x_wconf 87' lang='lat' dir='ltr'>aquam</span> <span class='ocrx_word' id='word_1_47' title='bbox 2051 740 2319 824; x_wconf 79' lang='lat' dir='ltr'>Corcyra</span> <span class='ocrx_word' id='word_1_48' title='bbox 2399 743 2436 801; x_wconf 85' lang='lat'>5</span> 
     </span>
     <span class='ocr_line' id='line_1_7' title="bbox 189 835 2317 916; baseline 0 -19"><span class='ocrx_word' id='word_1_49' title='bbox 189 836 450 898; x_wconf 78' lang='lat' dir='ltr'>navibus</span> <span class='ocrx_word' id='word_1_50' title='bbox 492 835 790 898; x_wconf 90' lang='lat' dir='ltr'>onerariis</span> <span class='ocrx_word' id='word_1_51' title='bbox 830 839 1219 916; x_wconf 80' lang='lat' dir='ltr'>supportare,</span> <span class='ocrx_word' id='word_1_52' title='bbox 1254 838 1443 916; x_wconf 84' lang='lat' dir='ltr'>atque</span> <span class='ocrx_word' id='word_1_53' title='bbox 1487 835 1682 897; x_wconf 92' lang='lat' dir='ltr'>etiam</span> <span class='ocrx_word' id='word_1_54' title='bbox 1709 852 1852 897; x_wconf 71' lang='lat' dir='ltr'>‘uno</span> <span class='ocrx_word' id='word_1_55' title='bbox 1894 838 2176 916; x_wconf 90' lang='lat' dir='ltr'>tempore</span> <span class='ocrx_word' id='word_1_56' title='bbox 2219 857 2317 897; x_wconf 90' lang='lat' dir='ltr'>ac-</span> 
     </span>
     <span class='ocr_line' id='line_1_8' title="bbox 191 931 2378 1014; baseline 0.001 -21"><span class='ocrx_word' id='word_1_57' title='bbox 191 932 342 993; x_wconf 87' lang='lat' dir='ltr'>cidit</span> <span class='ocrx_word' id='word_1_58' title='bbox 384 935 478 1007; x_wconf 87' lang='lat' dir='ltr'>ut,</span> <span class='ocrx_word' id='word_1_59' title='bbox 514 931 971 995; x_wconf 89' lang='lat' dir='ltr'>difficilioribus</span> <span class='ocrx_word' id='word_1_60' title='bbox 1013 933 1110 993; x_wconf 89' lang='lat' dir='ltr'>usi</span> <span class='ocrx_word' id='word_1_61' title='bbox 1153 932 1656 1013; x_wconf 74' lang='lat' dir='ltr'>tempestatibus,</span> <span class='ocrx_word' id='word_1_62' title='bbox 1689 952 1766 995; x_wconf 91' lang='lat' dir='ltr'>ex</span> <span class='ocrx_word' id='word_1_63' title='bbox 1793 933 2062 1013; x_wconf 88' lang='lat' dir='ltr'>pellibus</span> <span class='ocrx_word' id='word_1_64' title='bbox 2091 933 2319 1014; x_wconf 91' lang='lat' dir='ltr'>quibus</span> <span class='ocrx_word' id='word_1_65' title='bbox 2372 978 2378 986; x_wconf 87' lang='lat'>-</span> 
     </span>
     <span class='ocr_line' id='line_1_9' title="bbox 190 1030 2321 1113; baseline 0 -23"><span class='ocrx_word' id='word_1_66' title='bbox 190 1031 368 1090; x_wconf 88' lang='lat' dir='ltr'>erant</span> <span class='ocrx_word' id='word_1_67' title='bbox 408 1031 610 1091; x_wconf 80' lang='lat' dir='ltr'>tectae</span> <span class='ocrx_word' id='word_1_68' title='bbox 652 1048 841 1091; x_wconf 83' lang='lat' dir='ltr'>naves</span> <span class='ocrx_word' id='word_1_69' title='bbox 881 1032 1268 1091; x_wconf 89' lang='lat' dir='ltr'>nocturnum</span> <span class='ocrx_word' id='word_1_70' title='bbox 1318 1030 1599 1110; x_wconf 83' lang='lat' dir='ltr'>excipere</span> <span class='ocrx_word' id='word_1_71' title='bbox 1649 1049 1854 1091; x_wconf 91' lang='lat' dir='ltr'>rorem</span> <span class='ocrx_word' id='word_1_72' title='bbox 1902 1033 2321 1113; x_wconf 81' lang='lat' dir='ltr'>cogerentur3</span> 
     </span>
     <span class='ocr_line' id='line_1_10' title="bbox 191 1125 2321 1206; baseline 0 -19"><span class='ocrx_word' id='word_1_73' title='bbox 191 1143 339 1205; x_wconf 79' lang='lat' dir='ltr'>quas</span> <span class='ocrx_word' id='word_1_74' title='bbox 360 1128 577 1188; x_wconf 83' lang='lat' dir='ltr'>tamen</span> <span class='ocrx_word' id='word_1_75' title='bbox 601 1125 1004 1188; x_wconf 81' lang='lat' dir='ltr'>difficultates</span> <span class='ocrx_word' id='word_1_76' title='bbox 1025 1126 1340 1205; x_wconf 83' lang='lat' dir='ltr'>patienter</span> <span class='ocrx_word' id='word_1_77' title='bbox 1358 1129 1547 1206; x_wconf 90' lang='lat' dir='ltr'>atque</span> <span class='ocrx_word' id='word_1_78' title='bbox 1576 1145 1774 1206; x_wconf 87' lang='lat' dir='ltr'>aequo</span> <span class='ocrx_word' id='word_1_79' title='bbox 1803 1126 2012 1187; x_wconf 89' lang='lat' dir='ltr'>animo</span> <span class='ocrx_word' id='word_1_80' title='bbox 2034 1127 2321 1188; x_wconf 73' lang='lat' dir='ltr'>serebant</span> 
     </span>
     <span class='ocr_line' id='line_1_11' title="bbox 189 1223 2441 1315; baseline -0.001 -27"><span class='ocrx_word' id='word_1_81' title='bbox 189 1240 388 1303; x_wconf 82' lang='lat' dir='ltr'>neque</span> <span class='ocrx_word' id='word_1_82' title='bbox 438 1223 557 1284; x_wconf 89' lang='lat' dir='ltr'>sibi</span> <span class='ocrx_word' id='word_1_83' title='bbox 598 1224 899 1285; x_wconf 83' lang='lat' dir='ltr'>nudanda</span> <span class='ocrx_word' id='word_1_84' title='bbox 926 1223 1112 1315; x_wconf 65' lang='lat' dir='ltr'>litora</span> <span class='ocrx_word' id='word_1_85' title='bbox 1153 1225 1218 1285; x_wconf 92' lang='lat' dir='ltr'>et</span> <span class='ocrx_word' id='word_1_86' title='bbox 1255 1223 1699 1304; x_wconf 88' lang='lat' dir='ltr'>relinquendos</span> <span class='ocrx_word' id='word_1_87' title='bbox 1739 1226 1958 1303; x_wconf 86' lang='lat' dir='ltr'>portus</span> <span class='ocrx_word' id='word_1_88' title='bbox 2007 1223 2321 1285; x_wconf 88' lang='lat' dir='ltr'>existima-</span> <span class='ocrx_word' id='word_1_89' title='bbox 2364 1227 2441 1286; x_wconf 90' lang='grc'>10</span> 
     </span>
     <span class='ocr_line' id='line_1_12' title="bbox 188 1316 2322 1402; baseline 0 -22"><span class='ocrx_word' id='word_1_90' title='bbox 188 1318 359 1382; x_wconf 87' lang='lat' dir='ltr'>bant.</span> <span class='ocrx_word' id='word_1_91' title='bbox 454 1316 585 1382; x_wconf 82' lang='lat' dir='ltr'>Sed&#39;</span> <span class='ocrx_word' id='word_1_92' title='bbox 623 1325 770 1381; x_wconf 67' lang='lat' dir='ltr'>cum</span> <span class='ocrx_word' id='word_1_93' title='bbox 811 1322 1019 1399; x_wconf 58' lang='lat' dir='ltr'>Qss</span> <span class='ocrx_word' id='word_1_94' title='bbox 1054 1320 1124 1380; x_wconf 95' lang='lat' dir='ltr'>in</span> <span class='ocrx_word' id='word_1_95' title='bbox 1167 1319 1395 1401; x_wconf 82' lang='lat' dir='ltr'>quibus</span> <span class='ocrx_word' id='word_1_96' title='bbox 1423 1319 1847 1383; x_wconf 84' lang='lat' dir='ltr'>demonstravi</span> <span class='ocrx_word' id='word_1_97' title='bbox 1889 1320 2215 1402; x_wconf 83' lang='lat' dir='ltr'>angustiis,</span> <span class='ocrx_word' id='word_1_98' title='bbox 2249 1339 2322 1381; x_wconf 86' lang='lat' dir='ltr'>ac</span> 
     </span>
     <span class='ocr_line' id='line_1_13' title="bbox 190 1411 2323 1506; baseline 0 -30"><span class='ocrx_word' id='word_1_99' title='bbox 190 1415 433 1506; x_wconf 84' lang='lat' dir='ltr'>se·Lib9</span> <span class='ocrx_word' id='word_1_100' title='bbox 463 1436 610 1477; x_wconf 89' lang='lat' dir='ltr'>cum</span> <span class='ocrx_word' id='word_1_101' title='bbox 628 1415 861 1477; x_wconf 79' lang='lat' dir='ltr'>Bibulo</span> <span class='ocrx_word' id='word_1_102' title='bbox 890 1416 1034 1497; x_wconf 85' lang='lat' dir='ltr'>conj</span> <span class='ocrx_word' id='word_1_103' title='bbox 1083 1411 1337 1492; x_wconf 62' lang='lat' dir='ltr'>nx&#39;i&#39;sset,</span> <span class='ocrx_word' id='word_1_104' title='bbox 1364 1411 1716 1497; x_wconf 81' lang='lat' dir='ltr'>loquuntur</span> <span class='ocrx_word' id='word_1_105' title='bbox 1743 1417 1927 1478; x_wconf 88' lang='lat' dir='ltr'>ambo</span> <span class='ocrx_word' id='word_1_106' title='bbox 1955 1436 2032 1477; x_wconf 90' lang='lat' dir='ltr'>ex</span> <span class='ocrx_word' id='word_1_107' title='bbox 2058 1416 2323 1478; x_wconf 86' lang='lat' dir='ltr'>navibus</span> 
     </span>
     <span class='ocr_line' id='line_1_14' title="bbox 190 1508 2323 1594; baseline 0 -22"><span class='ocrx_word' id='word_1_108' title='bbox 190 1523 335 1572; x_wconf 87' lang='lat' dir='ltr'>cum</span> <span class='ocrx_word' id='word_1_109' title='bbox 364 1511 476 1573; x_wconf 85' lang='grc' dir='ltr'>Μ’.</span> <span class='ocrx_word' id='word_1_110' title='bbox 513 1511 718 1589; x_wconf 85' lang='lat' dir='ltr'>Acilio</span> <span class='ocrx_word' id='word_1_111' title='bbox 748 1515 812 1574; x_wconf 90' lang='lat' dir='ltr'>et</span> <span class='ocrx_word' id='word_1_112' title='bbox 842 1511 1044 1574; x_wconf 86' lang='lat' dir='ltr'>Statio</span> <span class='ocrx_word' id='word_1_113' title='bbox 1072 1516 1073 1521; x_wconf 74' lang='grc'>’</span> <span class='ocrx_word' id='word_1_114' title='bbox 1145 1533 1295 1574; x_wconf 91' lang='lat' dir='ltr'>urco</span> <span class='ocrx_word' id='word_1_115' title='bbox 1323 1513 1569 1594; x_wconf 73' lang='lat' dir='ltr'>legatis,</span> <span class='ocrx_word' id='word_1_116' title='bbox 1605 1532 1874 1593; x_wconf 90' lang='lat' dir='ltr'>quorum</span> <span class='ocrx_word' id='word_1_117' title='bbox 1916 1513 2077 1574; x_wconf 89' lang='lat' dir='ltr'>alter</span> <span class='ocrx_word' id='word_1_118' title='bbox 2103 1508 2323 1593; x_wconf 84' lang='lat' dir='ltr'>oppidi</span> 
     </span>
     <span class='ocr_line' id='line_1_15' title="bbox 189 1608 2322 1690; baseline 0.001 -22"><span class='ocrx_word' id='word_1_119' title='bbox 189 1608 404 1684; x_wconf 88' lang='lat' dir='ltr'>muris,</span> <span class='ocrx_word' id='word_1_120' title='bbox 469 1608 627 1670; x_wconf 88' lang='lat' dir='ltr'>alter</span> <span class='ocrx_word' id='word_1_121' title='bbox 680 1609 1006 1689; x_wconf 85' lang='lat' dir='ltr'>praesidiis</span> <span class='ocrx_word' id='word_1_122' title='bbox 1059 1609 1460 1672; x_wconf 78' lang='lat' dir='ltr'>terrestribus</span> <span class='ocrx_word' id='word_1_123' title='bbox 1500 1611 1845 1690; x_wconf 76' lang='lat' dir='ltr'>&#39;praeeratt</span> <span class='ocrx_word' id='word_1_124' title='bbox 1908 1610 2066 1670; x_wconf 86' lang='lat' dir='ltr'>velle</span> <span class='ocrx_word' id='word_1_125' title='bbox 2122 1628 2185 1670; x_wconf 89' lang='lat' dir='ltr'>se</span> <span class='ocrx_word' id='word_1_126' title='bbox 2242 1609 2322 1671; x_wconf 90' lang='lat' dir='ltr'>de</span> 
     </span>
     <span class='ocr_line' id='line_1_16' title="bbox 189 1705 2442 1787; baseline 0.001 -21"><span class='ocrx_word' id='word_1_127' title='bbox 189 1705 481 1767; x_wconf 89' lang='lat' dir='ltr'>maximis</span> <span class='ocrx_word' id='word_1_128' title='bbox 529 1706 714 1768; x_wconf 90' lang='lat' dir='ltr'>rebus</span> <span class='ocrx_word' id='word_1_129' title='bbox 760 1726 908 1768; x_wconf 91' lang='lat' dir='ltr'>cum</span> <span class='ocrx_word' id='word_1_130' title='bbox 963 1705 1221 1768; x_wconf 85' lang='lat' dir='ltr'>Caesare</span> <span class='ocrx_word' id='word_1_131' title='bbox 1269 1706 1464 1787; x_wconf 78' lang='lat' dir='ltr'>loqui‘,</span> <span class='ocrx_word' id='word_1_132' title='bbox 1521 1706 1574 1768; x_wconf 92' lang='lat' dir='ltr'>si</span> <span class='ocrx_word' id='word_1_133' title='bbox 1622 1706 1738 1768; x_wconf 84' lang='lat' dir='ltr'>sibi</span> <span class='ocrx_word' id='word_1_134' title='bbox 1788 1706 2060 1768; x_wconf 76' lang='lat' dir='ltr'>facultas</span> <span class='ocrx_word' id='word_1_135' title='bbox 2110 1706 2313 1768; x_wconf 91' lang='lat' dir='ltr'>detur.</span> <span class='ocrx_word' id='word_1_136' title='bbox 2366 1711 2442 1769; x_wconf 85' lang='lat'>15</span> 
     </span>
     <span class='ocr_line' id='line_1_17' title="bbox 190 1800 2323 1890; baseline 0 -28"><span class='ocrx_word' id='word_1_137' title='bbox 190 1800 337 1863; x_wconf 91' lang='lat' dir='ltr'>Huc</span> <span class='ocrx_word' id='word_1_138' title='bbox 381 1803 635 1863; x_wconf 86' lang='lat' dir='ltr'>addunt</span> <span class='ocrx_word' id='word_1_139' title='bbox 680 1820 880 1890; x_wconf 65' lang='lat' dir='ltr'>pauca</span> <span class='ocrx_word' id='word_1_140' title='bbox 920 1802 1012 1864; x_wconf 91' lang='lat' dir='ltr'>rei</span> <span class='ocrx_word' id='word_1_141' title='bbox 1039 1803 1505 1864; x_wconf 87' lang='lat' dir='ltr'>confirmandae</span> <span class='ocrx_word' id='word_1_142' title='bbox 1547 1822 1750 1878; x_wconf 86' lang='lat' dir='ltr'>causa,</span> <span class='ocrx_word' id='word_1_143' title='bbox 1784 1805 1859 1863; x_wconf 91' lang='lat' dir='ltr'>ut</span> <span class='ocrx_word' id='word_1_144' title='bbox 1901 1803 1977 1864; x_wconf 89' lang='lat' dir='ltr'>de</span> <span class='ocrx_word' id='word_1_145' title='bbox 2021 1803 2323 1881; x_wconf 89' lang='lat' dir='ltr'>composi-</span> 
     </span>
     <span class='ocr_line' id='line_1_18' title="bbox 188 1892 2418 1979; baseline 0.001 -20"><span class='ocrx_word' id='word_1_146' title='bbox 188 1897 360 1960; x_wconf 87' lang='lat' dir='ltr'>tione</span> <span class='ocrx_word' id='word_1_147' title='bbox 389 1897 596 1960; x_wconf 88' lang='lat' dir='ltr'>acturi</span> <span class='ocrx_word' id='word_1_148' title='bbox 626 1896 1010 1960; x_wconf 72' lang='lat' dir='ltr'>viderentur.</span> <span class='ocrx_word' id='word_1_149' title='bbox 1103 1898 1371 1960; x_wconf 86' lang='lat' dir='ltr'>Interim</span> <span class='ocrx_word' id='word_1_150' title='bbox 1412 1899 1737 1979; x_wconf 89' lang='lat' dir='ltr'>postulant</span> <span class='ocrx_word' id='word_1_151' title='bbox 1764 1901 1839 1959; x_wconf 89' lang='lat' dir='ltr'>ut</span> <span class='ocrx_word' id='word_1_152' title='bbox 1882 1898 2008 1959; x_wconf 88' lang='lat' dir='ltr'>sint</span> <span class='ocrx_word' id='word_1_153' title='bbox 2036 1898 2323 1962; x_wconf 83' lang='lat' dir='ltr'>induti&#39;ae</span> <span class='ocrx_word' id='word_1_154' title='bbox 2408 1892 2418 1901; x_wconf 58' lang='lat'><strong>⁴</strong></span> 
     </span>
     <span class='ocr_line' id='line_1_19' title="bbox 188 1993 2324 2076; baseline 0 -20"><span class='ocrx_word' id='word_1_155' title='bbox 188 1997 376 2075; x_wconf 85' lang='lat' dir='ltr'>atque</span> <span class='ocrx_word' id='word_1_156' title='bbox 435 1995 513 2056; x_wconf 92' lang='lat' dir='ltr'>ab</span> <span class='ocrx_word' id='word_1_157' title='bbox 564 1993 640 2056; x_wconf 89' lang='lat' dir='ltr'>iis</span> <span class='ocrx_word' id='word_1_158' title='bbox 695 1994 1057 2074; x_wconf 86' lang='lat' dir='ltr'>impetrant.</span> <span class='ocrx_word' id='word_1_159' title='bbox 1171 1995 1482 2076; x_wconf 88' lang='lat' dir='ltr'>Magnum</span> <span class='ocrx_word' id='word_1_160' title='bbox 1538 1995 1708 2056; x_wconf 91' lang='lat' dir='ltr'>enim</span> <span class='ocrx_word' id='word_1_161' title='bbox 1757 1995 1926 2075; x_wconf 92' lang='lat' dir='ltr'>quod</span> <span class='ocrx_word' id='word_1_162' title='bbox 1980 1995 2324 2058; x_wconf 81' lang='lat' dir='ltr'>afferebant</span> 
     </span>
     <span class='ocr_line' id='line_1_20' title="bbox 188 2089 2324 2173; baseline 0 -20"><span class='ocrx_word' id='word_1_163' title='bbox 188 2091 545 2167; x_wconf 81' lang='lat' dir='ltr'>videbatur,</span> <span class='ocrx_word' id='word_1_164' title='bbox 582 2092 646 2152; x_wconf 92' lang='lat' dir='ltr'>et</span> <span class='ocrx_word' id='word_1_165' title='bbox 676 2089 1002 2153; x_wconf 88' lang='lat' dir='ltr'>Caesarem</span> <span class='ocrx_word' id='word_1_166' title='bbox 1051 2090 1119 2151; x_wconf 89' lang='lat' dir='ltr'>id</span> <span class='ocrx_word' id='word_1_167' title='bbox 1167 2111 1411 2153; x_wconf 91' lang='lat' dir='ltr'>summe</span> <span class='ocrx_word' id='word_1_168' title='bbox 1460 2091 1739 2152; x_wconf 87' lang='lat' dir='ltr'>sciebant</span> <span class='ocrx_word' id='word_1_169' title='bbox 1788 2110 2036 2170; x_wconf 89' lang='lat' dir='ltr'>cupere,</span> <span class='ocrx_word' id='word_1_170' title='bbox 2071 2095 2135 2153; x_wconf 88' lang='lat' dir='ltr'>et</span> <span class='ocrx_word' id='word_1_171' title='bbox 2181 2112 2324 2173; x_wconf 92' lang='lat' dir='ltr'>pro-</span> 
     </span>
    </p>
   </div>
   <div class='ocr_carea' id='block_1_3' title="bbox 186 2186 2590 2268">
    <p class='ocr_par' dir='ltr' id='par_1_4' title="bbox 186 2186 2590 2268">
     <span class='ocr_line' id='line_1_21' title="bbox 186 2186 2590 2268; baseline 0 -19"><span class='ocrx_word' id='word_1_172' title='bbox 186 2188 433 2251; x_wconf 77' lang='lat' dir='ltr'>fectum</span> <span class='ocrx_word' id='word_1_173' title='bbox 456 2187 696 2268; x_wconf 82' lang='lat' dir='ltr'>aliquid</span> <span class='ocrx_word' id='word_1_174' title='bbox 716 2188 960 2250; x_wconf 88' lang='lat' dir='ltr'>Vibulli</span> <span class='ocrx_word' id='word_1_175' title='bbox 981 2187 1298 2248; x_wconf 89' lang='lat' dir='ltr'>mandatis</span> <span class='ocrx_word' id='word_1_176' title='bbox 1315 2186 1808 2249; x_wconf 81' lang='lat' dir='ltr'>existimabatur.</span> <span class='ocrx_word' id='word_1_177' title='bbox 1887 2187 2066 2249; x_wconf 89' lang='lat' dir='ltr'><strong>XVI.</strong></span> <span class='ocrx_word' id='word_1_178' title='bbox 2099 2186 2324 2250; x_wconf 85' lang='lat' dir='ltr'>Caesar</span> <span class='ocrx_word' id='word_1_179' title='bbox 2365 2191 2443 2251; x_wconf 78' lang='lat'>20</span> <span class='ocrx_word' id='word_1_180' title='bbox 2551 2222 2590 2241; x_wconf 75' lang='lat'>‹-</span> 
     </span>
    </p>
   </div>
   <div class='ocr_carea' id='block_1_4' title="bbox 178 2282 2445 3821">
    <p class='ocr_par' dir='ltr' id='par_1_5' title="bbox 178 2282 2445 3821">
     <span class='ocr_line' id='line_1_22' title="bbox 186 2282 2323 2365; baseline -0.002 -18"><span class='ocrx_word' id='word_1_181' title='bbox 186 2303 259 2347; x_wconf 90' lang='lat' dir='ltr'>eo</span> <span class='ocrx_word' id='word_1_182' title='bbox 284 2287 573 2365; x_wconf 88' lang='lat' dir='ltr'>tempore</span> <span class='ocrx_word' id='word_1_183' title='bbox 607 2303 753 2345; x_wconf 93' lang='lat' dir='ltr'>cum</span> <span class='ocrx_word' id='word_1_184' title='bbox 780 2284 1027 2364; x_wconf 86' lang='lat' dir='ltr'>legione</span> <span class='ocrx_word' id='word_1_185' title='bbox 1056 2303 1185 2344; x_wconf 89' lang='lat' dir='ltr'>una</span> <span class='ocrx_word' id='word_1_186' title='bbox 1225 2283 1550 2364; x_wconf 76' lang='lat' dir='ltr'>profectus</span> <span class='ocrx_word' id='word_1_187' title='bbox 1578 2284 1659 2344; x_wconf 88' lang='lat' dir='ltr'>ad</span> <span class='ocrx_word' id='word_1_188' title='bbox 1688 2282 2079 2363; x_wconf 87' lang='lat' dir='ltr'>recipiendas</span> <span class='ocrx_word' id='word_1_189' title='bbox 2106 2284 2323 2346; x_wconf 88' lang='lat' dir='ltr'>ulteri-</span> 
     </span>
     <span class='ocr_line' id='line_1_23' title="bbox 185 2380 2324 2463; baseline 0 -21"><span class='ocrx_word' id='word_1_190' title='bbox 185 2402 321 2444; x_wconf 87' lang='lat' dir='ltr'>ores</span> <span class='ocrx_word' id='word_1_191' title='bbox 370 2381 660 2444; x_wconf 83' lang='lat' dir='ltr'>civitates</span> <span class='ocrx_word' id='word_1_192' title='bbox 709 2384 772 2444; x_wconf 91' lang='lat' dir='ltr'>et</span> <span class='ocrx_word' id='word_1_193' title='bbox 819 2400 952 2463; x_wconf 89' lang='lat' dir='ltr'>rem</span> <span class='ocrx_word' id='word_1_194' title='bbox 993 2380 1477 2443; x_wconf 81' lang='lat' dir='ltr'>frumentariam</span> <span class='ocrx_word' id='word_1_195' title='bbox 1524 2380 2000 2460; x_wconf 84' lang='lat' dir='ltr'>expediendam,</span> <span class='ocrx_word' id='word_1_196' title='bbox 2044 2401 2167 2461; x_wconf 85' lang='lat' dir='ltr'>qua</span> <span class='ocrx_word' id='word_1_197' title='bbox 2215 2401 2324 2442; x_wconf 88' lang='lat' dir='ltr'>an-</span> 
     </span>
     <span class='ocr_line' id='line_1_24' title="bbox 184 2475 2314 2560; baseline -0 -20"><span class='ocrx_word' id='word_1_198' title='bbox 184 2481 370 2560; x_wconf 89' lang='lat' dir='ltr'>guste</span> <span class='ocrx_word' id='word_1_199' title='bbox 427 2478 748 2553; x_wconf 86' lang='lat' dir='ltr'>utebatur,</span> <span class='ocrx_word' id='word_1_200' title='bbox 807 2480 940 2540; x_wconf 91' lang='lat' dir='ltr'>erat</span> <span class='ocrx_word' id='word_1_201' title='bbox 994 2478 1076 2538; x_wconf 88' lang='lat' dir='ltr'>ad</span> <span class='ocrx_word' id='word_1_202' title='bbox 1130 2477 1522 2538; x_wconf 88' lang='lat' dir='ltr'>Buthrotum</span> <span class='ocrx_word' id='word_1_203' title='bbox 1578 2475 1937 2557; x_wconf 90' lang='lat' dir='ltr'>oppositum</span> <span class='ocrx_word' id='word_1_204' title='bbox 1994 2475 2314 2558; x_wconf 80' lang='lat' dir='ltr'>Corcyrae.</span> 
     </span>
     <span class='ocr_line' id='line_1_25' title="bbox 186 2570 2324 2654; baseline -0.001 -16"><span class='ocrx_word' id='word_1_205' title='bbox 186 2573 285 2638; x_wconf 91' lang='lat' dir='ltr'>Ibi</span> <span class='ocrx_word' id='word_1_206' title='bbox 314 2575 552 2638; x_wconf 90' lang='lat' dir='ltr'>certior</span> <span class='ocrx_word' id='word_1_207' title='bbox 578 2575 656 2636; x_wconf 90' lang='lat' dir='ltr'>ab</span> <span class='ocrx_word' id='word_1_208' title='bbox 678 2573 886 2636; x_wconf 89' lang='lat' dir='ltr'>Acilio</span> <span class='ocrx_word' id='word_1_209' title='bbox 914 2576 979 2636; x_wconf 89' lang='lat' dir='ltr'>et</span> <span class='ocrx_word' id='word_1_210' title='bbox 1007 2574 1230 2636; x_wconf 86' lang='lat' dir='ltr'>Murco</span> <span class='ocrx_word' id='word_1_211' title='bbox 1254 2570 1372 2654; x_wconf 82' lang='lat' dir='ltr'>per</span> <span class='ocrx_word' id='word_1_212' title='bbox 1398 2573 1638 2635; x_wconf 87' lang='lat' dir='ltr'>litteras</span> <span class='ocrx_word' id='word_1_213' title='bbox 1660 2574 1869 2635; x_wconf 81' lang='lat' dir='ltr'>factus</span> <span class='ocrx_word' id='word_1_214' title='bbox 1890 2573 1969 2635; x_wconf 89' lang='lat' dir='ltr'>de</span> <span class='ocrx_word' id='word_1_215' title='bbox 1989 2574 2324 2653; x_wconf 88' lang='lat' dir='ltr'>postulatis</span> 
     </span>
     <span class='ocr_line' id='line_1_26' title="bbox 186 2669 2443 2756; baseline 0 -21"><span class='ocrx_word' id='word_1_216' title='bbox 186 2671 451 2735; x_wconf 90' lang='lat' dir='ltr'>Libonis</span> <span class='ocrx_word' id='word_1_217' title='bbox 481 2673 548 2733; x_wconf 93' lang='lat' dir='ltr'>et</span> <span class='ocrx_word' id='word_1_218' title='bbox 578 2670 790 2731; x_wconf 90' lang='lat' dir='ltr'>Bibuli</span> <span class='ocrx_word' id='word_1_219' title='bbox 818 2670 1129 2756; x_wconf 85' lang='lat' dir='ltr'>legionem</span> <span class='ocrx_word' id='word_1_220' title='bbox 1149 2670 1491 2750; x_wconf 85' lang='lat' dir='ltr'>relinquit3</span> <span class='ocrx_word' id='word_1_221' title='bbox 1520 2670 1650 2749; x_wconf 89' lang='lat' dir='ltr'>ipse</span> <span class='ocrx_word' id='word_1_222' title='bbox 1677 2669 1933 2731; x_wconf 91' lang='lat' dir='ltr'>Oricum</span> <span class='ocrx_word' id='word_1_223' title='bbox 1963 2671 2314 2733; x_wconf 84' lang='lat' dir='ltr'>revertitur.</span> <span class='ocrx_word' id='word_1_224' title='bbox 2364 2675 2443 2735; x_wconf 78' lang='lat'>25</span> 
     </span>
     <span class='ocr_line' id='line_1_27' title="bbox 184 2765 2323 2846; baseline -0 -16"><span class='ocrx_word' id='word_1_225' title='bbox 184 2767 282 2830; x_wconf 86' lang='lat' dir='ltr'>Eo</span> <span class='ocrx_word' id='word_1_226' title='bbox 310 2788 466 2830; x_wconf 91' lang='lat' dir='ltr'>cum</span> <span class='ocrx_word' id='word_1_227' title='bbox 494 2766 784 2846; x_wconf 60' lang='lat' dir='ltr'>vcnjQet‚</span> <span class='ocrx_word' id='word_1_228' title='bbox 819 2770 1158 2829; x_wconf 83' lang='lat' dir='ltr'>evocantur</span> <span class='ocrx_word' id='word_1_229' title='bbox 1185 2766 1279 2827; x_wconf 92' lang='lat' dir='ltr'>illi</span> <span class='ocrx_word' id='word_1_230' title='bbox 1311 2767 1393 2827; x_wconf 90' lang='lat' dir='ltr'>ad</span> <span class='ocrx_word' id='word_1_231' title='bbox 1420 2766 1822 2846; x_wconf 79' lang='lat' dir='ltr'>colloquium.</span> <span class='ocrx_word' id='word_1_232' title='bbox 1915 2765 2136 2828; x_wconf 87' lang='lat' dir='ltr'>Prodit</span> <span class='ocrx_word' id='word_1_233' title='bbox 2164 2767 2323 2829; x_wconf 90' lang='lat' dir='ltr'>Libo</span> 
     </span>
     <span class='ocr_line' id='line_1_28' title="bbox 184 2866 2325 2949; baseline -0 -20"><span class='ocrx_word' id='word_1_234' title='bbox 184 2871 377 2949; x_wconf 87' lang='lat' dir='ltr'>atque</span> <span class='ocrx_word' id='word_1_235' title='bbox 408 2870 668 2930; x_wconf 90' lang='lat' dir='ltr'>excusat</span> <span class='ocrx_word' id='word_1_236' title='bbox 698 2866 1022 2943; x_wconf 86' lang='lat' dir='ltr'>Bibulum,</span> <span class='ocrx_word' id='word_1_237' title='bbox 1050 2868 1219 2948; x_wconf 89' lang='lat' dir='ltr'>quod</span> <span class='ocrx_word' id='word_1_238' title='bbox 1247 2867 1300 2929; x_wconf 92' lang='lat' dir='ltr'>is</span> <span class='ocrx_word' id='word_1_239' title='bbox 1321 2866 1648 2928; x_wconf 87' lang='lat' dir='ltr'>iracundia</span> <span class='ocrx_word' id='word_1_240' title='bbox 1676 2885 1923 2928; x_wconf 88' lang='lat' dir='ltr'>summa</span> <span class='ocrx_word' id='word_1_241' title='bbox 1950 2870 2083 2929; x_wconf 86' lang='lat' dir='ltr'>erat</span> <span class='ocrx_word' id='word_1_242' title='bbox 2112 2866 2325 2928; x_wconf 90' lang='lat' dir='ltr'>inimi-</span> 
     </span>
     <span class='ocr_line' id='line_1_29' title="bbox 183 2962 2325 3045; baseline 0 -18"><span class='ocrx_word' id='word_1_243' title='bbox 183 2964 495 3045; x_wconf 82' lang='lat' dir='ltr'>citiasque</span> <span class='ocrx_word' id='word_1_244' title='bbox 525 2963 798 3025; x_wconf 87' lang='lat' dir='ltr'>habebat</span> <span class='ocrx_word' id='word_1_245' title='bbox 840 2964 1033 3026; x_wconf 87' lang='lat' dir='ltr'>etiam</span> <span class='ocrx_word' id='word_1_246' title='bbox 1074 2964 1349 3044; x_wconf 87' lang='lat' dir='ltr'>privatas</span> <span class='ocrx_word' id='word_1_247' title='bbox 1391 2982 1539 3024; x_wconf 91' lang='lat' dir='ltr'>cum</span> <span class='ocrx_word' id='word_1_248' title='bbox 1569 2962 1829 3024; x_wconf 87' lang='lat' dir='ltr'>Caesare</span> <span class='ocrx_word' id='word_1_249' title='bbox 1879 2982 1956 3024; x_wconf 88' lang='lat' dir='ltr'>ex</span> <span class='ocrx_word' id='word_1_250' title='bbox 2004 2963 2325 3027; x_wconf 87' lang='lat' dir='ltr'>aedilitate</span> 
     </span>
     <span class='ocr_line' id='line_1_30' title="bbox 183 3058 2318 3143; baseline -0.002 -17"><span class='ocrx_word' id='word_1_251' title='bbox 183 3065 249 3126; x_wconf 83' lang='lat' dir='ltr'>et</span> <span class='ocrx_word' id='word_1_252' title='bbox 291 3065 599 3143; x_wconf 72' lang='lat' dir='ltr'>praetura</span> <span class='ocrx_word' id='word_1_253' title='bbox 636 3064 966 3142; x_wconf 88' lang='lat' dir='ltr'>conceptas</span> <span class='ocrx_word' id='word_1_254' title='bbox 994 3084 1008 3122; x_wconf 75' lang='grc' dir='ltr'>ε</span> <span class='ocrx_word' id='word_1_255' title='bbox 1052 3062 1130 3122; x_wconf 93' lang='lat' dir='ltr'>ob</span> <span class='ocrx_word' id='word_1_256' title='bbox 1171 3082 1310 3123; x_wconf 90' lang='lat' dir='ltr'>eam</span> <span class='ocrx_word' id='word_1_257' title='bbox 1352 3080 1605 3122; x_wconf 87' lang='lat' dir='ltr'>causam</span> <span class='ocrx_word' id='word_1_258' title='bbox 1645 3058 2033 3139; x_wconf 90' lang='lat' dir='ltr'>colloquium</span> <span class='ocrx_word' id='word_1_259' title='bbox 2071 3059 2318 3137; x_wconf 87' lang='lat' dir='ltr'>vitasse,</span> 
     </span>
     <span class='ocr_line' id='line_1_31' title="bbox 181 3154 2445 3243; baseline 0 -23"><span class='ocrx_word' id='word_1_260' title='bbox 181 3179 262 3222; x_wconf 91' lang='lat' dir='ltr'>ne</span> <span class='ocrx_word' id='word_1_261' title='bbox 304 3179 405 3221; x_wconf 90' lang='lat' dir='ltr'>res</span> <span class='ocrx_word' id='word_1_262' title='bbox 450 3156 762 3219; x_wconf 88' lang='lat' dir='ltr'>maximae</span> <span class='ocrx_word' id='word_1_263' title='bbox 812 3157 941 3236; x_wconf 90' lang='lat' dir='ltr'>spei</span> <span class='ocrx_word' id='word_1_264' title='bbox 990 3157 1422 3238; x_wconf 86' lang='lat' dir='ltr'>maximaeque</span> <span class='ocrx_word' id='word_1_265' title='bbox 1469 3155 1769 3243; x_wconf 89' lang='lat' dir='ltr'>utilitatis</span> <span class='ocrx_word' id='word_1_266' title='bbox 1816 3155 1955 3236; x_wconf 84' lang='lat' dir='ltr'>ejus</span> <span class='ocrx_word' id='word_1_267' title='bbox 1996 3154 2326 3218; x_wconf 88' lang='lat' dir='ltr'>iracundia</span> <span class='ocrx_word' id='word_1_268' title='bbox 2367 3160 2445 3221; x_wconf 88' lang='grc'>30</span> 
     </span>
     <span class='ocr_line' id='line_1_32' title="bbox 182 3252 2324 3336; baseline -0.002 -19"><span class='ocrx_word' id='word_1_269' title='bbox 182 3254 674 3336; x_wconf 83' lang='lat' dir='ltr'>impedirentur.</span> <span class='ocrx_word' id='word_1_270' title='bbox 766 3252 1093 3315; x_wconf 86' lang='lat' dir='ltr'>Summam</span> <span class='ocrx_word' id='word_1_271' title='bbox 1136 3273 1313 3315; x_wconf 88' lang='lat' dir='ltr'>suam</span> <span class='ocrx_word' id='word_1_272' title='bbox 1355 3271 1484 3315; x_wconf 86' lang='lat' dir='ltr'>esse</span> <span class='ocrx_word' id='word_1_273' title='bbox 1512 3272 1584 3314; x_wconf 88' lang='lat' dir='ltr'>ac</span> <span class='ocrx_word' id='word_1_274' title='bbox 1611 3253 1804 3313; x_wconf 78' lang='lat' dir='ltr'>fuisse</span> <span class='ocrx_word' id='word_1_275' title='bbox 1834 3271 2076 3331; x_wconf 90' lang='lat' dir='ltr'>semper</span> <span class='ocrx_word' id='word_1_276' title='bbox 2104 3254 2324 3315; x_wconf 85' lang='lat' dir='ltr'>volun-</span> 
     </span>
     <span class='ocr_line' id='line_1_33' title="bbox 180 3347 2325 3431; baseline -0.002 -15"><span class='ocrx_word' id='word_1_277' title='bbox 180 3355 383 3416; x_wconf 85' lang='lat' dir='ltr'>tatem</span> <span class='ocrx_word' id='word_1_278' title='bbox 442 3354 522 3412; x_wconf 90' lang='lat' dir='ltr'>ut</span> <span class='ocrx_word' id='word_1_279' title='bbox 572 3353 1052 3429; x_wconf 88' lang='lat' dir='ltr'>componeretur</span> <span class='ocrx_word' id='word_1_280' title='bbox 1105 3353 1293 3431; x_wconf 87' lang='lat' dir='ltr'>atque</span> <span class='ocrx_word' id='word_1_281' title='bbox 1347 3349 1427 3410; x_wconf 90' lang='lat' dir='ltr'>ab</span> <span class='ocrx_word' id='word_1_282' title='bbox 1476 3348 1664 3409; x_wconf 89' lang='lat' dir='ltr'>armis</span> <span class='ocrx_word' id='word_1_283' title='bbox 1720 3347 2162 3424; x_wconf 81' lang='lat' dir='ltr'>discederetur,</span> <span class='ocrx_word' id='word_1_284' title='bbox 2218 3350 2325 3411; x_wconf 87' lang='lat' dir='ltr'>sed</span> 
     </span>
     <span class='ocr_line' id='line_1_34' title="bbox 179 3445 2324 3530; baseline -0.002 -20"><span class='ocrx_word' id='word_1_285' title='bbox 179 3451 570 3530; x_wconf 84' lang='lat' dir='ltr'>potestatem</span> <span class='ocrx_word' id='word_1_286' title='bbox 613 3446 672 3527; x_wconf 76' lang='lat' dir='ltr'>ej</span> <span class='ocrx_word' id='word_1_287' title='bbox 681 3466 751 3507; x_wconf 88' lang='lat' dir='ltr'>us</span> <span class='ocrx_word' id='word_1_288' title='bbox 792 3445 882 3507; x_wconf 92' lang='lat' dir='ltr'>rei</span> <span class='ocrx_word' id='word_1_289' title='bbox 922 3445 1166 3506; x_wconf 91' lang='lat' dir='ltr'>nullam</span> <span class='ocrx_word' id='word_1_290' title='bbox 1193 3445 1442 3520; x_wconf 86' lang='lat' dir='ltr'>habere,</span> <span class='ocrx_word' id='word_1_291' title='bbox 1476 3446 1806 3525; x_wconf 88' lang='lat' dir='ltr'>propterea</span> <span class='ocrx_word' id='word_1_292' title='bbox 1847 3445 2016 3524; x_wconf 86' lang='lat' dir='ltr'>quod</span> <span class='ocrx_word' id='word_1_293' title='bbox 2058 3445 2135 3506; x_wconf 88' lang='lat' dir='ltr'>de</span> <span class='ocrx_word' id='word_1_294' title='bbox 2179 3464 2324 3506; x_wconf 92' lang='lat' dir='ltr'>con-</span> 
     </span>
     <span class='ocr_line' id='line_1_35' title="bbox 180 3538 2323 3621; baseline -0.003 -13"><span class='ocrx_word' id='word_1_295' title='bbox 180 3544 307 3608; x_wconf 85' lang='lat' dir='ltr'>silii</span> <span class='ocrx_word' id='word_1_296' title='bbox 358 3541 682 3607; x_wconf 87' lang='lat' dir='ltr'>sententia</span> <span class='ocrx_word' id='word_1_297' title='bbox 737 3561 1049 3603; x_wconf 89' lang='lat' dir='ltr'>summam</span> <span class='ocrx_word' id='word_1_298' title='bbox 1097 3542 1244 3603; x_wconf 90' lang='lat' dir='ltr'>belli</span> <span class='ocrx_word' id='word_1_299' title='bbox 1293 3560 1629 3621; x_wconf 89' lang='lat' dir='ltr'>rerumque</span> <span class='ocrx_word' id='word_1_300' title='bbox 1686 3538 1972 3600; x_wconf 90' lang='lat' dir='ltr'>omnium</span> <span class='ocrx_word' id='word_1_301' title='bbox 2023 3540 2323 3620; x_wconf 90' lang='lat' dir='ltr'>Pompeio</span> 
     </span>
     <span class='ocr_line' id='line_1_36' title="bbox 178 3636 2443 3723; baseline -0.002 -18"><span class='ocrx_word' id='word_1_302' title='bbox 178 3640 612 3723; x_wconf 81' lang='lat' dir='ltr'>permiserint.</span> <span class='ocrx_word' id='word_1_303' title='bbox 706 3638 829 3701; x_wconf 81' lang='lat' dir='ltr'>Sed</span> <span class='ocrx_word' id='word_1_304' title='bbox 868 3639 1201 3719; x_wconf 88' lang='lat' dir='ltr'>postulatis</span> <span class='ocrx_word' id='word_1_305' title='bbox 1253 3637 1530 3700; x_wconf 89' lang='lat' dir='ltr'>Caesaris</span> <span class='ocrx_word' id='word_1_306' title='bbox 1579 3636 1848 3718; x_wconf 87' lang='lat' dir='ltr'>cognitis</span> <span class='ocrx_word' id='word_1_307' title='bbox 1897 3636 2194 3698; x_wconf 89' lang='lat' dir='ltr'>missuros</span> <span class='ocrx_word' id='word_1_308' title='bbox 2244 3639 2324 3699; x_wconf 85' lang='lat' dir='ltr'>ad</span> <span class='ocrx_word' id='word_1_309' title='bbox 2365 3642 2443 3701; x_wconf 88' lang='grc'>35</span> 
     </span>
     <span class='ocr_line' id='line_1_37' title="bbox 179 3732 2324 3821; baseline -0.004 -19"><span class='ocrx_word' id='word_1_310' title='bbox 179 3737 592 3821; x_wconf 86' lang='lat' dir='ltr'>Pompeium,</span> <span class='ocrx_word' id='word_1_311' title='bbox 625 3739 813 3817; x_wconf 83' lang='lat' dir='ltr'>atque</span> <span class='ocrx_word' id='word_1_312' title='bbox 851 3735 1035 3813; x_wconf 87' lang='lat' dir='ltr'>illum</span> <span class='ocrx_word' id='word_1_313' title='bbox 1075 3736 1315 3816; x_wconf 89' lang='lat' dir='ltr'>reliqua</span> <span class='ocrx_word' id='word_1_314' title='bbox 1342 3754 1455 3815; x_wconf 90' lang='lat' dir='ltr'>per</span> <span class='ocrx_word' id='word_1_315' title='bbox 1495 3753 1558 3796; x_wconf 93' lang='lat' dir='ltr'>se</span> <span class='ocrx_word' id='word_1_316' title='bbox 1600 3736 1891 3795; x_wconf 88' lang='lat' dir='ltr'>acturum</span> <span class='ocrx_word' id='word_1_317' title='bbox 1919 3732 2324 3794; x_wconf 84' lang='lat' dir='ltr'>hortantibus</span> 
     </span>
    </p>
   </div>
   <div class='ocr_carea' id='block_1_5' title="bbox 1577 3858 1880 3921">
    <p class='ocr_par' dir='ltr' id='par_1_6' title="bbox 1577 3858 1880 3921">
     <span class='ocr_line' id='line_1_38' title="bbox 1621 3858 1728 3905; baseline 0 0"><span class='ocrx_word' id='word_1_318' title='bbox 1621 3858 1728 3905; x_wconf 35' lang='grc' dir='ltr'>νβ</span> 
     </span>
     <span class='ocr_line' id='line_1_39' title="bbox 1577 3888 1880 3921; baseline -0.007 0"><span class='ocrx_word' id='word_1_319' title='bbox 1577 3912 1586 3921; x_wconf 63' lang='lat' dir='ltr'>r</span> <span class='ocrx_word' id='word_1_320' title='bbox 1767 3910 1776 3919; x_wconf 71' lang='lat'><em>6</em></span> <span class='ocrx_word' id='word_1_321' title='bbox 1827 3888 1834 3911; x_wconf 51' lang='grc' dir='ltr'>ἱ</span> <span class='ocrx_word' id='word_1_322' title='bbox 1873 3904 1880 3913; x_wconf 68' lang='lat' dir='ltr'>q</span> 
     </span>
    </p>
   </div>
   <div class='ocr_carea' id='block_1_6' title="bbox 1847 4056 1940 4101">
    <p class='ocr_par' dir='ltr' id='par_1_7' title="bbox 1847 4056 1940 4101">
     <span class='ocr_line' id='line_1_40' title="bbox 1847 4056 1940 4101; baseline 0 0"><span class='ocrx_word' id='word_1_323' title='bbox 1847 4056 1940 4101; x_wconf 57' lang='lat'>11³¹</span> 
     </span>
    </p>
   </div>
  </div>
 </body>
</html>
