2734 4167
858 184 1089 237 COMM'.
1137 185 1187 236 I.
1241 183 1411 237 GAP.
1462 183 1897 238 XIX—XXIII.
1995 187 2006 202 ⁶
2426 188 2502 250 21

238 350 462 433 spatiis
502 345 905 423 intermissis,
949 348 1026 408 ut
1067 348 1201 409 erat
1242 346 1637 427 superiorum
1678 347 1927 410 dierum
1969 349 2378 427 consuetudo,

238 449 352 512 sed
378 443 708 528 perpetuis
747 442 985 524 vigiliis
1012 443 1537 525 stationibusque,
1571 447 1646 505 ut
1689 444 2072 527 contingant
2114 445 2281 507 inter
2320 465 2383 508 86

242 548 436 626 atque
484 562 744 606 omnem
788 541 1216 603 munitionem
1264 542 1607 621 expleant3
1648 541 1939 604 tribunos
1990 542 2271 603 militum
2319 545 2385 604 et

237 640 596 722 praefectos
625 637 1075 702 circummittit
1116 638 1307 717 atque
1335 638 1631 699 hortatur
1671 658 1802 698 non
1844 639 2050 700 86111111
2090 640 2171 699 ab
2199 658 2383 719 erup-

249 737 532 798 tionibus
576 737 861 809 caveant,
895 734 1005 795 sed
1049 733 1243 796 etiam
1287 734 1685 816 singulorum
1727 727 2061 797 hominuin
2104 734 2383 798 occultos
2464 739 2502 799 5

245 833 457 896 exitus
485 834 818 945 asservent.
887 830 1111 910 Neque
1131 850 1279 921 vero
1302 833 1437 892 tam
1461 830 1723 892 remisso
1752 852 1826 893 ac
1845 833 2148 913 languido
2171 833 2382 894 animo
2542 819 2734 944 J

244 929 585 1010 quisquam
627 927 918 989 omnium
958 926 1127 1002 suit,
1145 927 1255 1007 qui
1290 921 1371 990 ⁸ea
1409 930 1595 989 nocte
1638 921 2083 1016 conquieverit.
2175 921 2385 991 Tanta

241 1030 385 1089 erat
435 1045 717 1088 summae
760 1043 973 1087 rerum
1019 1023 1425 1104 exspectatiO,
1468 1027 1543 1085 ut
1588 1024 1749 1086 alius
1793 1025 1863 1087 in
1885 1026 2093 1088 “aliam
2135 1030 2383 1106 partem

239 1124 462 1185 mente
509 1125 700 1202 atque
746 1120 962 1183 animo
1016 1120 1395 1195 traheretur,
1431 1121 1604 1214 ‘quid
1658 1119 1812 1201 ip'sis
1862 1121 2375 1198 Corfiniensibus,

241 1218 406 1301 quid
451 1217 759 1293 Domitio,
814 1217 970 1298 quid
1013 1217 1311 1293 Lentulo,
1454 1217 1522 1278 id
1576 1217 1833 1298 reliquis
1886 1211 2217 1295 accideret,
2271 1217 2406 1299 qd?
2425 1222 2501 1282 10

241 1305 528 1398 quosque
556 1306 816 1377 eventu—s
845 1313 1224 1393 exciperent.
1382 1314 1534 1375 XII.
1587 1314 1827 1388 Quarta
1870 1306 2090 1395 vigilia
2133 1315 2383 1378 circiter

240 1412 561 1475 Lentulus
591 1411 895 1492 Spinther
921 1412 999 1473 de
1028 1431 1211 1473 muro
1254 1431 1404 1473 cum
1444 1411 1679 1492 vigiliis
1722 1412 2212 1493 custodibusque
2238 1432 2381 1475 nos-

142 1577 149 1586 ,
239 1508 365 1570 tris
410 1507 841 1588 colloquitur:
880 1507 1064 1583 velle,
1097 1507 1150 1569 si
1193 1507 1312 1569 sibi
1353 1508 1470 1569 fiat
1513 1510 1811 1588 potestaS,
1868 1508 2194 1571 Caesarem
2234 1529 2381 1571 con-

238 1604 481 1669 venire.
571 1604 771 1666 Facta
812 1606 1128 1684 potestate
1173 1623 1249 1665 ex
1295 1603 1530 1684 oppido
1575 1603 1880 1679 mittitur,
1934 1625 2137 1684 neque
2182 1605 2260 1666 ab
2308 1625 2380 1667 eo

238 1702 426 1783 prius
482 1700 838 1762 Domitiani
895 1700 1131 1762 milites
1201 1699 1539 1762 discedunt
1601 1721 1792 1781 quam
1847 1701 1916 1762 in
1972 1705 2381 1781 conspectum
2424 1704 2500 1764 15

242 1797 529 1861 Caesaris
571 1798 937 1860 deducatur.
1030 1796 1194 1857 Cum
1235 1815 1308 1858 eo
1336 1797 1415 1858 de
1443 1797 1644 1858 salute
1686 1817 1798 1859 sua
1839 1797 1992 1878 agit,
2028 1800 2165 1859 orat
2193 1800 2381 1878 atque

240 1896 531 1957 obsecrat
558 1896 634 1954 ut
663 1893 781 1955 sibi
825 1895 1063 1973 parcat,
1096 1895 1495 1973 veteremque
1539 1893 1886 1956 amicitiam
1931 1898 2382 1957 commemorat

243 1990 656 2072 Caesarisque
710 1991 780 2052 in
835 2010 897 2053 se
944 1988 1250 2052 beneficia
1294 1989 1577 2068 exponit,
1628 2011 1787 2072 quae
1832 1994 2012 2053 erant
2060 1990 2337 2052 maxima
2366 1989 2410 2052 ε’

240 2089 419 2169 quod
445 2107 559 2167 per
586 2107 732 2150 eum
754 2087 823 2147 in
852 2085 1192 2167 collegium
1222 2084 1602 2166 pontificum
1630 2090 1908 2163 venerat,
1931 2088 2103 2168 quod
2129 2087 2382 2168 provin·
2477 2084 2530 2148 ,α’

241 2185 413 2248 616111
459 2183 841 2263 Hispaniam
874 2203 971 2268 gx
1027 2185 1323 2263 praetura
1365 2182 1714 2258 habuerat,e
1742 2185 1912 2264 quod
1959 2184 2028 2245 in
2076 2183 2383 2264 petitione
2424 2186 2503 2245 20

242 2282 616 2345 consulatus
658 2284 792 2342 erat
823 2280 1201 2342 sublevatus.
1296 2278 1499 2359 Cujus
1544 2280 1894 2343 orationem
1926 2280 2150 2343 Caesar
2190 2259 2412 2342 inter>
2469 2287 2474 2296 “

242 2377 482 2457 pellat:
525 2396 588 2439 se
616 2396 747 2437 non
775 2375 1067 2440 maleficii
1098 2394 1284 2437 causa
1318 2396 1395 2438 ex
1422 2375 1748 2454 provincia
1775 2397 2112 2458 egressum,
2147 2377 2255 2438 sed
2282 2376 2383 2438 uti

244 2494 311 2537 86
352 2494 392 2536 6
419 2472 825 2536 contumeliis
869 2472 1279 2534 inimicorum
1306 2474 1694 2550 defenderet,
1729 2477 1803 2535 ut
1849 2474 2138 2536 tribunos
2182 2474 2383 2554 plebis

110 2603 155 2630 *L
243 2570 316 2631 in
344 2590 420 2633 ea
446 2590 513 2632 16
542 2590 618 2633 61
646 2569 901 2632 civitate
943 2570 1235 2649 expulsos
1262 2569 1330 2630 in
1374 2590 1554 2631 suam
1582 2570 1963 2651 dignitatem
1995 2571 2376 2646 restitueret,

244 2670 322 2730 ut
350 2689 417 2730 se
438 2655 525 2730 ”et
564 2668 876 2748 populum
907 2668 1268 2729 Romanum
1312 2667 1592 2730 factione
1619 2687 1969 2748 paucorum
2010 2688 2381 2748 oppressum
2424 2670 2501 2730 25

243 2764 315 2825 in
346 2764 711 2827 libertatem
753 2762 1122 2825 vindicaret.
1214 2762 1418 2844 Cujus
1461 2764 1742 2826 oratione
1785 2766 2191 2827 confirmatus
2220 2766 2383 2827 Len-

245 2863 425 2923 tulus
454 2861 627 2947 utin
656 2860 968 2941 oppidum
1010 2860 1239 2923 reverti
1267 2860 1458 2922 liceat
1485 2861 1649 2941 petit
1676 2883 1691 2923 ε
1736 2863 1906 2941 quod
1936 2864 2011 2924 de
2040 2882 2152 2924 sua
2179 2864 2383 2925 salute

2005 3043 2160 3054 ——————

244 3155 578 3233 cogantur.
669 3151 866 3213 Facta
919 3152 1230 3230 potestate
1285 3149 1573 3213 discedit.
1665 3150 1919 3213 XXIII.
1973 3151 2219 3226 Caesar,
2272 3153 2381 3213 ubi
2425 3156 2502 3215 30

241 3249 433 3324 luxit,
467 3267 688 3309 omnes
730 3249 1044 3309 senatores
1086 3248 1570 3327 senatorumque
1597 3246 1846 3324 liberos,
1883 3247 2176 3309 tribunos
2217 3248 2383 3309 mili-

242 3349 390 3407 tum
404 3344 786 3425 ,equitesque
815 3341 1132 3405 Romanos
1174 3343 1255 3403 ad
1288 3362 1351 3405 se
1380 3343 1646 3423 produci
1674 3344 1871 3424 jubet.
1967 3345 2172 3405 Erant
2201 3345 2382 3425 quin-

243 3462 368 3522 que
414 3441 659 3503 ordinis
704 3439 1023 3514 senatorii,
1075 3439 1147 3502 L.
1193 3439 1538 3515 Domitius,
1590 3440 1659 3501 P.
1697 3441 2008 3502 Lentulus
2056 3440 2377 3521 Spinther,

244 3540 321 3601 L.
359 3538 675 3603 Caecilius
704 3538 931 3613 Rufus,
969 3537 1107 3600 SeX.
1146 3536 1496 3612 Quintilius
1538 3537 1744 3599 Varus
1786 3541 2095 3618 quaestor,
2143 3538 2214 3599 L.
2255 3538 2382 3598 Ru-

244 3635 421 3699 brius
445 3658 463 3714 3
491 3639 817 3717 praeterea
842 3634 1012 3697 filius
1035 3633 1281 3694 Domiti
1312 3633 1546 3713 aliique
1578 3636 1930 3714 complures
1959 3634 2383 3695 adolescentes
2424 3632 2501 3695 35

246 3735 312 3797 et
354 3753 629 3817 magnus
672 3751 974 3795 numerus
1018 3730 1306 3810 equitum
1351 3730 1786 3793 Romanorum
1826 3734 1891 3793 et
1939 3728 2375 3803 decurionum,
