2734 4167
815 181 1042 234 COMM.
1080 179 1131 234 I.
1177 180 1340 234 CAP.
1379 178 1487 231 XL
1498 178 1808 233 VIII—LI
1810 180 1869 233 V.
2387 182 2464 241 35

214 347 402 426 atque
445 365 664 408 omnes
705 345 836 407 sine
863 345 1090 406 timore
1118 344 1240 405 iter
1279 344 1579 419 facerent,
1619 344 1716 405 usi
1758 343 2151 424 superiorum
2190 346 2349 406 tem·
2421 359 2450 424 j

154 517 165 520 -
211 462 437 521 porum
489 446 680 523 atque
729 443 1032 505 itinerum
1080 443 1354 505 licentia.
1446 441 1651 502 Erant
1700 442 2051 521 complures
2100 441 2348 503 honesti

214 539 653 615 adolescenteS,
691 542 1052 601 senatorum
1080 539 1196 600 filii
1225 542 1288 601 et
1318 538 1556 600 ordinis
1597 538 1897 618 equestris
1920 560 1937 616 3
1979 541 2158 600 erant
2185 538 2350 620 lega—

214 635 412 697 tiones
442 635 816 714 civitatum3
857 639 1038 699 erant
1065 635 1258 716 legati
1289 634 1583 697 Caesaris.
1676 635 1811 696 Hos
1841 654 2055 697 omncs
2082 635 2349 696 flumina

215 732 640 795 continebant.
732 732 837 795 Ad
877 734 992 795 hos
1034 733 1477 813 opprimendos
1520 752 1667 793 cum
1695 731 1868 793 omni
1910 731 2198 813 equitatu
2238 733 2349 793 tri-
2432 737 2468 793 5

214 827 448 907 busque
493 828 845 911 legionibus
894 829 1200 891 Afranius
1255 830 1331 891 de
1386 832 1570 890 nocte
1619 828 2056 909 proficiscitur,
2111 828 2349 908 impru-

215 923 552 1006 dentesque
596 928 742 988 ante
784 925 987 987 missis
1037 926 1352 1007 equitibus
1404 926 1785 1007 aggreditur.
1878 925 2177 989 Celeriter
2224 945 2349 987 sese

214 1022 425 1084 tamen
456 1022 624 1083 Galli
653 1022 892 1103 equites
921 1022 1265 1102 expediunt
1292 1022 1725 1103 proeliumque
1753 1023 2186 1084 committunt.
2267 1021 2343 1097 Ii,

215 1116 367 1178 dum
407 1118 547 1198 pari
594 1119 932 1181 certamine
982 1139 1077 1181 res
1118 1118 1250 1201 geri
1291 1119 1525 1199 potuit,
1566 1139 1870 1201 magnum
1912 1119 2192 1181 hostium
2232 1139 2351 1180 nu-

215 1232 458 1275 merum
514 1216 700 1295 pauci
757 1216 1148 1294 sustinuere;
1204 1216 1311 1278 sed
1358 1216 1469 1276 ubi
1526 1215 1705 1297 signa
1751 1215 2074 1297 legionum
2130 1235 2351 1295 appro-
2394 1218 2470 1275 10

214 1309 517 1391 pinquare
564 1315 924 1391 coeperunt,
958 1311 1176 1393 paucis
1216 1311 1455 1374 amissis
1496 1331 1623 1374 sese
1650 1311 1721 1371 in
1761 1311 2077 1392 proximos
2107 1314 2351 1373 montes

215 1409 571 1470 conferunt.
663 1409 804 1470 Hoc
843 1428 1094 1490 pugnae
1134 1411 1388 1489 tempus
1415 1428 1719 1490 magnum
1748 1409 1967 1471 attulit
2002 1408 2230 1470 nostris
2272 1409 2352 1470 ad

214 1505 480 1567 salutem
523 1507 958 1584 momentum3
1017 1505 1188 1567 nacti
1238 1505 1409 1568 enim
1464 1505 1739 1586 spatium
1781 1525 1844 1569 se
1885 1506 1955 1566 in
1994 1506 2132 1567 loca
2171 1525 2351 1585 supe-

213 1601 373 1664 riora
416 1605 811 1683 receperunt.
903 1602 1259 1664 Desiderati
1301 1606 1453 1663 sunt
1496 1622 1566 1665 eo
1603 1602 1704 1665 dic
1748 1602 2061 1685 sagittarii
2105 1601 2353 1664 circiter

214 1715 309 1776 ce,
371 1699 618 1779 equites
679 1698 886 1780 pauci,
948 1700 1241 1761 calonum
1310 1702 1499 1780 atque
1567 1700 2167 1780 impedimentorum
2223 1719 2351 1759 non
2394 1703 2469 1760 15

213 1816 483 1878 magnus
518 1816 837 1865 numerus.
852 1815 895 1882 f
929 1796 1072 1858 LII.
1125 1797 1247 1857 His
1277 1799 1491 1859 tamen
1520 1797 1812 1859 omnibus
1841 1818 2090 1859 annona
2118 1797 2350 1874 crevit3

155 1929 174 1934 κ
213 1912 370 1973 quae
403 1893 535 1954 fere
576 1912 673 1955 res
714 1913 842 1954 non
885 1894 1088 1954 solum
1130 1892 1344 1973 inopia
1386 1894 1747 1973 praesentis,
1782 1894 1889 1955 sed
1924 1893 2116 1956 etiam
2143 1894 2351 1955 futuri

211 1989 519 2070 temporis
544 1988 771 2051 timore
799 1989 1223 2071 ingravescere
1253 1990 1593 2052 consuevit.
1627 2031 1630 2034 >
1664 1991 1936 2072 Jamque
1966 1992 2046 2052 ad
2067 1991 2352 2052 denarios

213 2103 254 2149 1.
293 2086 364 2147 in
418 2085 700 2167 singulos
746 2086 988 2147 modios
1039 2106 1291 2147 annona
1338 2090 1724 2166 pervenerat,
1759 2091 1820 2149 et
1870 2087 2151 2148 militum
2190 2088 2351 2149 vires

212 2181 434 2263 inopia
460 2182 768 2243 frumenti
799 2182 1216 2257 deminuerat,
1252 2184 1440 2263 atque
1483 2182 1879 2245 incommoda
1906 2183 1975 2244 in
2007 2171 2138 2245 dies
2166 2203 2351 2264 auge·
2393 2188 2471 2245 20

211 2278 490 2355 bantur3
533 2281 596 2339 et
625 2280 759 2338 tam
785 2277 1002 2358 paucis
1032 2279 1251 2340 diebus
1292 2299 1523 2361 magna
1564 2284 1695 2342 erat
1737 2299 1947 2342 rerum
1974 2280 2145 2341 facta
2186 2298 2351 2340 com-

174 2375 181 2382 ’
213 2374 492 2437 mutatio
529 2394 600 2435 ac
643 2394 704 2436 se
745 2375 1004 2436 fortuna
1037 2374 1466 2451 inclinaverat,
1501 2380 1575 2437 ut
1624 2376 1820 2438 nostri
1863 2388 2092 2457 magna
2138 2374 2352 2455 inopia

213 2470 707 2534 necessariarum
765 2491 975 2532 rerum
1017 2469 1547 2548 conflictarentur,
1594 2472 1687 2532 illi
1731 2472 2021 2533 omnibus
2076 2472 2351 2533 abunda-

215 2572 361 2631 rent
398 2567 585 2630 rebus
625 2565 1090 2647 superioresque
1119 2567 1518 2630 haberentur.
1611 2568 1833 2630 Caesar
1873 2568 1950 2630 iis
1991 2567 2352 2630 civitatibus

217 2684 378 2746 quae
428 2665 510 2726 ad
559 2664 696 2744 ejus
745 2663 1090 2725 amicitiam
1141 2668 1543 2741 accesserant,
1578 2666 1746 2746 quod
1794 2666 2003 2727 minor
2044 2669 2175 2727 erat
2216 2665 2350 2725 fru-
2393 2669 2469 2726 25

217 2760 422 2825 menti
480 2760 680 2841 copia,
742 2779 931 2840 pecus
985 2760 1381 2840 imperabat;
1451 2762 1695 2824 calones
1750 2764 1831 2824 ad
1884 2761 2352 2843 longinquiores

218 2859 508 2920 civitates
530 2855 933 2934 dimittebat3
961 2856 1093 2936 ipse
1120 2861 1511 2937 praesentem
1540 2857 1820 2938 inopiam
1849 2858 2075 2939 quibus
2103 2861 2351 2938 poterat

217 2953 516 3017 subsidiis
570 2952 918 3013 tutabatur.
1010 2952 1188 3014 LIII.
1248 2953 1423 3016 Haec
1471 2953 1775 3017 Afranius
1831 2955 2233 3035 Petreiusque
2288 2957 2352 3016 et

218 3070 437 3113 eorum
474 3047 662 3109 amici
691 3047 972 3128 pleniora
1013 3049 1205 3112 etiam
1247 3053 1435 3131 atque
1476 3051 1762 3114 uberiora
1791 3052 2057 3113 Romam
2100 3053 2181 3113 ad
2210 3071 2352 3113 suos

218 3147 705 3229 perscribebant.
797 3145 1005 3207 Multa
1052 3166 1269 3207 rumor
1317 3148 1673 3229 affingebat,
1736 3152 1811 3209 ut
1865 3168 2060 3228 paene
2114 3148 2352 3209 bellum
2393 3152 2471 3210 30

219 3245 613 3306 confectum·
642 3241 977 3304 videretur.
1083 3241 1324 3317 Quibus
1380 3243 1608 3306 litteris
1662 3245 2027 3325 nuntiisque
2084 3244 2350 3305 Romam

218 3340 476 3423 perlatis
525 3338 742 3419 magni
796 3339 1057 3399 domum
1098 3359 1435 3402 concursus
1477 3341 1557 3401 ad
1585 3340 1925 3402 Afranium
1967 3360 2352 3423 magnaeque

217 3436 674 3520 gratulationes
728 3434 1002 3513 fiebant3
1058 3435 1246 3496 multi
1302 3456 1378 3498 ex
1434 3436 1619 3498 Italia
1674 3438 1754 3498 ad
1813 3437 1927 3499 On.
1979 3437 2352 3518 Pompeium

217 3533 801 3615 proficiscebantur,
835 3531 963 3606 alii,
996 3535 1071 3591 ut
1112 3531 1427 3611 principes
1467 3533 1659 3595 talem
1699 3534 2003 3595 nuntium
2044 3533 2345 3610 attulisse,

217 3631 345 3708 alii,
378 3651 463 3693 ne
492 3631 795 3693 eventum
822 3627 970 3689 belli
1019 3631 1399 3708 exspectasse
1448 3632 1559 3690 aut
1597 3650 1673 3692 ex
1715 3630 2006 3692 omnibus
2030 3629 2351 3692 novissimi
2392 3632 2470 3692 35

217 3728 458 3791 venisse
512 3724 899 3789 viderentur.
989 3723 1158 3785 LIV.
1211 3723 1376 3785 Cum
1423 3722 1493 3783 in
1539 3723 1640 3787 his
1686 3725 1991 3806 angustiis
2046 3744 2142 3787 res
2195 3726 2351 3785 esset
