2734 4167
883 176 1113 230 coms.
1154 177 1272 228 ΠΙ.
1316 177 1479 228 CAR
1521 176 1929 229 LX—LXIII.
2412 183 2526 242 103

266 346 541 405 stratum
589 344 704 417 est,
754 341 1103 422 tegimenta
1149 339 1343 422 galeis
1398 340 1631 403 milites
1679 361 1755 404 ex
1809 341 2153 405 viminibus
2201 343 2404 408 facere

264 443 455 520 atque
484 458 779 520 aggerem
800 438 981 518 jubet
1009 441 1418 525 comportare.
1491 437 1612 499 His
1632 438 1867 521 paratis
1890 440 2073 501 rebus
2096 458 2401 520 magnum

263 554 605 597 numerum
634 534 788 596 levis
816 535 1169 594 armaturae
1211 536 1274 594 et
1302 533 1773 614 sagittariorum
1815 554 2227 616 aggeremque
2270 555 2401 596 om-

263 650 411 692 nem
439 633 637 691 noctu
659 629 728 690 in
757 628 1017 709 scaphas
1040 632 1103 690 et
1124 649 1312 692 naves
1333 628 1642 691 actuarias
1672 630 1965 710 imponit,
1995 634 2059 692 et
2087 632 2165 694 de
2193 632 2402 694 media

262 730 448 789 nocte
490 727 777 788 cohortes
806 742 896 786 Lx
925 745 1001 787 ex
1042 725 1333 788 maximis
1376 725 1594 788 castris
1622 727 2070 808 praesidiisque
2098 729 2401 791 deductas
2482 733 2517 791 5

264 824 345 884 ad
373 843 514 885 eam
540 825 787 903 partem
829 820 1262 895 munitionum
1292 822 1472 883 ducit
1515 842 1672 903 quae
1705 823 2063 903 pertinebat
2108 826 2186 886 ad
2229 845 2399 886 mare

262 915 748 1001 longissimeque
798 938 836 979 a
891 917 1183 980 maximis
1239 918 1455 980 castris
1507 918 1784 981 Caesaris
1838 921 2068 983 aberat.
2161 921 2403 983 Eodem

263 1034 472 1090 naveS,
508 1034 661 1097 quas
690 1014 1257 1076 demonstravimus
1298 1034 1523 1096 aggere
1552 1018 1616 1076 et
1657 1015 1809 1077 Ievis
1852 1019 2205 1078 armaturae
2234 1017 2401 1077 mili-

264 1109 437 1173 tibus
465 1112 826 1190 completas,
851 1130 1128 1191 quasque
1156 1112 1237 1172 ad
1266 1110 1737 1192 Dyrrhachium
1765 1132 1953 1174 naves
1974 1113 2193 1194 longas
2214 1113 2401 1176 habe-

263 1206 393 1282 bat,
428 1206 633 1267 mittit
677 1210 742 1268 et
790 1206 945 1286 quid
994 1226 1032 1267 a
1077 1227 1324 1287 quoque
1354 1194 1502 1269 ‘fieri
1547 1207 1700 1270 velit
1742 1207 2065 1288 praecipit.
2156 1207 2260 1269 Ad
2303 1229 2402 1271 eas
2443 1212 2521 1271 10

264 1303 651 1365 munitiones
699 1303 922 1365 Caesar
952 1304 1301 1365 Lentulum
1330 1304 1775 1367 Marcellinum
1818 1308 2208 1386 quaestorem
2255 1325 2402 1367 cum

262 1401 509 1482 legione
531 1417 700 1462 VI111
729 1398 1009 1480 positum
1036 1400 1324 1462 habebat.
1394 1401 1589 1477 Huic,
1614 1403 1784 1482 quod
1806 1402 2167 1464 valetudine
2190 1401 2403 1463 minus

240 1480 595 1591 :commoda
634 1498 954 1572 utebatur,
991 1496 1295 1559 Fulvium
1331 1496 1711 1560 Postumum
1753 1499 2110 1578 adjutorem
2143 1499 2403 1559 summi-

232 1594 243 1625 ”
265 1597 446 1656 serat.
538 1593 783 1654 LXIII.
821 1593 979 1655 Erat
1007 1613 1078 1654 eo
1100 1594 1236 1655 loco
1264 1593 1432 1655 fossa
1452 1594 1689 1675 pedum
1713 1610 1807 1656 xv
1830 1598 1893 1656 et
1914 1595 2153 1656 vallum
2182 1598 2401 1656 contra

264 1689 510 1752 hostem
559 1689 629 1750 in
677 1689 1085 1752 altitudinem
1133 1692 1370 1770 pedum
1422 1708 1489 1766 x,
1525 1691 2027 1771 tantundemque
2073 1692 2209 1772 ejus
2250 1691 2397 1752 valli
2443 1695 2518 1753 15

194 1786 199 1797 '
264 1807 453 1869 agger
481 1787 547 1846 in
572 1787 981 1849 latitudinem
1008 1788 1265 1868 patebat
1292 1810 1310 1865 3
1352 1789 1431 1849 ab
1453 1808 1525 1850 eo
1554 1787 1909 1851 intermisso
1931 1787 2135 1868 spatio
2162 1788 2397 1868 pedum

174 1882 175 1891 ³
265 1900 347 1946 Dc
376 1885 539 1946 alter
579 1905 912 1947 conversus
953 1885 1022 1946 in
1072 1884 1453 1946 contrariam
1495 1888 1740 1965 partem
1782 1888 1915 1947 erat
1956 1885 2156 1946 vallus
2189 1884 2398 1946 humi-

262 1981 414 2045 liore
442 1982 633 2061 paulo
660 1982 1033 2044 munitione.
1104 1982 1247 2044 Hoc
1275 1981 1447 2044 enim
1474 1982 1898 2062 superioribus
1921 1981 2141 2043 diebus
2163 1982 2395 2045 timens

264 2078 510 2155 Caesar,
564 2098 646 2141 ne
694 2078 959 2141 navibus
1007 2078 1209 2141 nostri
1267 2077 1897 2154 circumvenirentur,
1954 2078 2274 2158 duplicem
2325 2097 2397 2139 eo

259 2175 397 2237 loco
425 2176 665 2237 fecerat
691 2176 950 2251 vallum,
976 2178 1074 2250 ut,
1098 2175 1151 2236 si
1180 2174 1444 2254 ancipiti
1474 2175 1710 2256 proelio
1739 2160 2167 2250 dimicaretur,
2190 2176 2397 2254 posset
2440 2177 2517 2234 20

261 2272 485 2334 resisti.
559 2271 678 2333 Sed
706 2291 966 2351 operum
988 2271 1364 2353 magnitudo
1394 2275 1457 2334 et
1479 2271 1811 2334 continens
1842 2271 2128 2332 omnium
2151 2269 2398 2332 dierum

260 2368 456 2443 labor,
491 2368 662 2448 quod
691 2367 868 2429 milia
894 2387 1193 2448 passuum
1234 2367 1304 2428 in
1347 2367 1620 2429 circuitu
1650 2384 1806 2429 XVII
1834 2371 1968 2429 erat
2010 2368 2391 2447 complexus,

260 2463 629 2544 perficiendi
671 2463 950 2543 spatium
991 2484 1122 2524 non
1158 2464 1366 2526 dabat.
1459 2464 1681 2544 Itaque
1725 2467 1954 2525 contra
1985 2483 2153 2524 mare
2194 2465 2397 2523 trans-

261 2580 512 2622 versum
552 2561 813 2635 vallum,
847 2561 957 2642 qui
999 2560 1110 2622 has
1145 2561 1300 2622 duas
1342 2560 1730 2622 munitiones
1772 2560 2205 2641 conjungeret,
2239 2578 2395 2620 non-

262 2656 418 2717 dum
463 2655 827 2736 perfecerat.
919 2656 1091 2732 Quae
1133 2677 1231 2719 res
1278 2660 1432 2719 nota
1480 2660 1613 2719 erat
1663 2657 1983 2737 Pompeio,
2031 2657 2238 2718 delata
2285 2674 2398 2735 per
2438 2658 2514 2717 25

261 2752 636 2833 Allobrogas
662 2753 978 2834 perfugas,
1007 2772 1436 2834 magnumque
1464 2752 1695 2815 nostris
1724 2753 2025 2815 attulerat
2053 2753 2397 2814 incommo-

263 2850 437 2910 dum.
528 2849 699 2910 Nam
746 2851 823 2909 ut
870 2850 952 2911 ad
996 2868 1169 2910 mare
1218 2849 1379 2911 duae
1429 2849 1716 2910 cohortes
1755 2868 1959 2911 nonae
1986 2848 2249 2930 legionis
2294 2867 2395 2909 ex-

231 2946 634 3021 ‚cubuerant,
689 2964 994 3008 accessere
1045 2945 1253 3007 subito·
1302 2945 1510 3027 prima
1561 2947 1702 3008 luce
1750 2945 2164 3026 Pompeiani3
2206 2943 2396 3005 simul

260 3041 528 3104 navibus
557 3041 962 3103 circumvecti
991 3041 1224 3104 milites
1266 3042 1335 3103 in
1376 3041 1748 3105 exteriorem
1789 3043 2027 3105 vallum
2055 3042 2183 3103 tela
2207 3037 2395 3121 jacie-

259 3139 437 3214 bant,
471 3138 794 3219 fossaeque
823 3158 1048 3220 aggere
1075 3140 1576 3219 complebantur,
1613 3141 1676 3201 et
1706 3138 2034 3220 legionarii
2076 3133 2395 3199 interioris
2436 3135 2518 3195 30

261 3234 639 3296 munitionis
667 3235 1022 3297 defensores
1050 3235 1230 3298 scalis
1272 3235 1544 3297 admotis
1581 3234 1915 3297 tormentis
1957 3234 2265 3314 cujusque
2292 3248 2397 3311 ge-

259 3331 429 3393 neris
458 3330 724 3411 telisque
763 3332 1103 3407 terrebant,
1138 3351 1493 3413 magnaque
1536 3332 1886 3393 multitudo
1928 3326 2398 3412 sagittariorum

259 3430 336 3489 ab
365 3431 637 3508 utraque
665 3430 844 3507 parte
873 3428 1522 3492 circumfundebatur.
1601 3430 1885 3491 Multum
1914 3431 2128 3489 autem
2157 3425 2234 3485 ab
2262 3421 2398 3482 ictu

256 3524 568 3603 lapidum,
603 3524 774 3604 quod
811 3545 1016 3587 unum
1057 3526 1288 3588 nostris
1329 3529 1464 3588 erat
1491 3526 1714 3601 telum,
1748 3524 2024 3587 viminea
2052 3517 2400 3600 tegimenta

254 3620 452 3702 galeis
499 3620 800 3703 imposita
845 3622 1290 3685 defendebant.
1400 3622 1626 3702 Itaque
1677 3641 1823 3682 cum
1873 3617 2166 3681 omnibus
2214 3613 2401 3675 rebus
2443 3613 2520 3675 35

253 3717 460 3811 nostri
510 3720 952 3798 premerentur
999 3721 1187 3799 atque
1237 3737 1419 3800 aegre
1467 3717 1847 3792 resisterent,
1895 3714 2404 3776 animadversum
