2734 4167
895 239 1132 295 COMM.
1169 240 1286 294 III.
1329 241 1489 295 c'AP.
1530 243 1820 298 OI-—OIV-
2358 246 2473 306 123

1602 323 1707 356 N

193 406 606 488 ¹nuntiosque
633 399 924 469 dimissos
971 407 1052 468 ad
1091 425 1194 470 eos
1224 407 1333 488 qui
1362 427 1427 470 se
1455 428 1533 471 ex
1558 409 1715 490 fuga
1741 408 1812 470 in
1856 409 2163 472 finitimas
2203 409 2353 472 civi-

211 506 382 566 tates
435 503 738 584 recepisse
795 503 1178 580 dicerentur,
1231 523 1313 566 ne
1361 503 1773 566 Antiochiam
1828 495 2123 568 adirent:
2176 506 2245 568 id
2299 506 2353 568 si

211 600 536 675 fecissent,
590 619 823 679 magno
874 614 1092 662 eorum
1146 599 1373 680 capitis
1418 601 1697 680 periculo
1744 601 2060 663 futurum.
2171 602 2352 664 Idem
2420 568 2510 658 «τό
2522 571 2727 686 Q‘WJ

212 696 442 783 QL.
481 695 777 771 Lentule,
811 694 921 776 qui
950 695 1264 776 superiore
1293 716 1461 757 anno
1490 697 1709 758 consul
1732 697 1966 774 iuerat,
1994 700 2067 760 et·-
2088 698 2158 760 P.
2189 678 2381 760 ffin'l‘
2472 647 2590 732 (0⁵
2607 675 2632 688 ν
2673 679 2691 744 l

211 792 355 853 tulo
398 791 710 853 consulari
753 810 825 853 ac
841 829 846 834 -
865 791 1192 853 nonnullis
1219 792 1358 853 aliis
1400 761 2008 871 acciderat‘ssthodi3
2051 792 2161 874 qui
2198 813 2359 882 Q
2432 797 2473 856 5

213 907 296 950 ex
319 888 480 968 fuga
507 886 884 968 Pompeium
907 891 1315 969 sequerentur
1355 891 1547 969 atque
1586 888 1658 949 in
1699 888 1975 950 insulam
2010 889 2345 966 venissent,

213 983 453 1064 oppido
483 1003 555 1046 ac
582 987 773 1064 portu
801 985 1038 1064 recepti
1065 1005 1196 1046 non
1237 988 1421 1047 erant
1464 984 1791 1066 missisque
1840 987 1921 1047 ad
1964 1005 2066 1048 eos
2105 987 2352 1064 nuntiis

213 1083 294 1141 ut
335 1100 412 1142 ex
452 1080 556 1144 his
602 1081 758 1144 locis
799 1081 1210 1158 discederent,
1245 1083 1467 1143 contra
1508 1083 1901 1145 voluntatem
1942 1101 2122 1144 suam
2161 1103 2352 1146 naves

215 1177 558 1240 solverunt.
645 1178 921 1258 Jamque
965 1177 1041 1239 de
1085 1175 1362 1238 Caesaris
1404 1165 1691 1240 adventu
1724 1178 1897 1239 fama
1944 1178 2025 1239 ad
2066 1176 2353 1242 civitates

213 1258 936 1366 perferebatuffOIII.
1005 1273 1250 1348 Quibus
1304 1273 1577 1354 cognitis
1625 1274 1810 1336 rebus
1862 1275 2199 1355 Pompeius
2246 1275 2351 1338 de-
2392 1278 2475 1338 10

212 1368 428 1448 posito
455 1369 778 1431 adeundae
809 1369 1022 1451 Syriae
1065 1368 1328 1430 consilio
1357 1369 1627 1449 pecunia
1653 1369 1968 1432 societatis
1998 1371 2245 1432 sublata
2286 1373 2355 1435 et

214 1484 256 1525 a
282 1464 661 1545 quibusdam
708 1465 970 1546 privatis
1019 1468 1273 1546 sumpta
1327 1469 1391 1528 et
1440 1466 1598 1529 aeris
1653 1485 1885 1546 magno
1938 1467 2215 1548 pondere
2270 1468 2353 1530 ad

211 1560 560 1623 militarem
603 1581 791 1622 usum
838 1562 909 1622 in
949 1581 1138 1624 naves
1184 1560 1485 1641 imposito
1528 1562 1897 1643 duobusque
1940 1563 2197 1626 milibus
2237 1563 2353 1625 ho-

213 1655 466 1717 minum
493 1657 769 1733 armatis,
792 1656 1028 1737 partim
1058 1677 1211 1738 quos
1234 1677 1309 1720 ex
1329 1657 1591 1718 familiis
1614 1658 1986 1720 societatum
2009 1660 2345 1740 delegerat,

211 1752 449 1833 partim
481 1772 520 1814 a
544 1754 1044 1834 negotiatoribus
1072 1757 1383 1835 coegerat,
1412 1774 1689 1835 quosque
1718 1775 1795 1816 ex
1822 1755 1949 1816 suis
1980 1755 2240 1835 quisque
2270 1755 2351 1816 ad
2392 1758 2469 1816 15

211 1847 381 1910 hanc
421 1868 555 1912 rem
582 1849 840 1911 idoneos
867 1849 1287 1925 existimabat,
1327 1849 1653 1911 Pelusium
1681 1851 1985 1931 pervenit.
2074 1851 2174 1913 Ibi
2202 1871 2351 1914 casu

211 1963 326 2006 rex
362 1947 494 2006 erat
530 1945 947 2021 Ptolemaeus,
980 1965 1140 2025 puer
1167 1947 1394 2021 aetate,
1428 1945 1676 2026 magnis
1718 1946 1912 2026 copiis
1954 1965 2101 2008 cum
2143 1965 2349 2008 sorore

217 2039 555 2120 Cleopatra
601 2041 841 2103 bellum
889 2061 1131 2122 gerens,
1169 2061 1361 2122 quam
1410 2040 1628 2121 paucis
1675 2046 1823 2104 ante
1871 2043 2191 2104 mensibus
2236 2062 2351 2122 per

211 2155 359 2199 suos
404 2137 794 2218 propinquos
842 2141 1032 2218 atque
1079 2138 1311 2200 amicos
1356 2157 1553 2218 regno
1602 2139 1971 2217 expulerat3
2027 2141 2349 2219 castraque

215 2231 587 2313 Cleopatrae
620 2253 751 2294 non
779 2235 970 2315 longo
1016 2233 1221 2314 spatio
1264 2234 1342 2294 ab
1372 2233 1511 2314 ejus
1552 2233 1772 2295 castris
1813 2232 2152 2294 distabant.
2241 2231 2349 2294 Ad
2388 2236 2469 2296 20

211 2347 362 2391 eum
391 2329 729 2409 Pompeius
769 2329 967 2404 misit,
999 2332 1074 2390 ut
1115 2349 1230 2409 pro
1271 2328 1549 2408 hospitio
1594 2331 1781 2409 atque
1822 2328 2105 2390 amicitia
2149 2328 2349 2407 patris

212 2424 600 2486 Alexandria
627 2425 1010 2505 reciperetur
1037 2428 1224 2504 atque
1247 2424 1419 2486 illius
1447 2425 1671 2505 opibus
1698 2424 1768 2485 in
1795 2424 2153 2487 calamitate
2179 2426 2348 2505 tege-

210 2524 406 2583 retur.
499 2520 623 2583 Sed
651 2521 760 2602 qui
789 2522 866 2584 ab
895 2541 967 2583 eo
996 2521 1169 2582 missi
1198 2525 1407 2598 erant,
1436 2523 1726 2584 confecto
1753 2521 2101 2602 legationis·
2116 2522 2341 2597 offici0,

210 2616 470 2678 liberius
499 2636 646 2678 cum
674 2617 988 2679 militibus
1009 2617 1176 2698 regis
1204 2618 1477 2699 colloqui
1501 2621 1839 2698 coeperunt
1861 2637 2084 2698 eosque
2105 2617 2347 2679 hortari

211 2716 288 2774 ut
325 2732 514 2776 suum
559 2713 841 2775 officium
870 2712 1170 2792 Pompeio
1214 2715 1605 2794 praestarent
1643 2733 1799 2776 neve
1841 2714 1977 2794 ejus
2018 2715 2348 2776 fortunam
2387 2716 2465 2776 25

210 2807 622 2890 despicerent.
713 2807 793 2869 In
821 2807 942 2870 hoc
971 2811 1150 2871 erant
1176 2828 1442 2872 numero
1484 2809 1837 2889 complures
1866 2809 2151 2889 Pompeii
2180 2809 2346 2870 mili-

209 2908 326 2981 tes,
361 2925 518 2986 quos
559 2925 635 2967 ex
679 2905 818 2985 ejus
862 2905 1140 2968 exercitu
1176 2909 1467 2987 acceptos
1493 2905 1564 2966 in
1594 2905 1773 2988 Syria
1818 2905 2125 2967 Gabinius
2158 2904 2347 2968 Alex-

209 3001 502 3063 andriam
553 3001 922 3063 traduxerat
976 3002 1265 3082 belloque
1314 3003 1604 3064 consecto
1660 3001 1830 3081 apud
1888 3001 2341 3076 Ptolemaeum,

206 3100 457 3178 patrem
511 3097 718 3178 pueri,
778 3096 1136 3177 reliquerat.
1229 3096 1398 3160 CIV.
1448 3097 1571 3158 His
1624 3099 1783 3158 tunc
1840 3097 2109 3178 cognitis
2162 3096 2347 3158 rebus

207 3194 398 3255 amici
418 3193 602 3273 regis,
627 3192 736 3273 qui
763 3196 1022 3273 propter
1041 3195 1312 3256 aetatem
1334 3194 1472 3273 ejus
1494 3192 1562 3253 in
1591 3193 1917 3255 curatione
1938 3195 2119 3255 erant
2140 3191 2340 3272 regni,
2387 3193 2467 3253 30

207 3289 338 3351 sive
365 3287 595 3350 timore
623 3288 904 3364 adducti,
937 3292 1014 3350 ut
1053 3293 1269 3369 postea
1295 3288 1764 3369 praedicabant,
1798 3288 2135 3350 sollicitato
2177 3303 2347 3349 exer-

205 3384 342 3446 citu
387 3383 594 3469 regiO,
613 3403 696 3446 ne
749 3384 1086 3464 Pompeius
1130 3384 1583 3446 Alexandriam
1628 3383 2118 3466 Aegyptumque
2162 3399 2345 3441 occu-

203 3483 406 3560 paret,
435 3479 566 3543 sive
595 3481 890 3561 despecta
915 3481 1052 3561 ejus
1079 3480 1359 3556 fortuna,
1388 3484 1463 3541 ut
1490 3481 1859 3560 plerumque
1888 3479 1959 3539 in
1988 3476 2347 3539 calamitate

203 3595 284 3640 ex
329 3575 550 3637 amicis
576 3575 823 3638 inimici
851 3577 1186 3652 exsistunt,
1215 3577 1314 3638 his
1343 3576 1453 3657 qui
1482 3581 1663 3638 erant
1700 3578 1778 3637 ab
1806 3595 1877 3638 eo
1918 3574 2094 3636 missi
2134 3571 2347 3653 palam

203 3671 548 3733 liberaliter
575 3672 1038 3751 responderunt
1065 3691 1334 3752 eumque
1372 3673 1453 3734 ad
1481 3691 1695 3752 regem
1734 3671 1949 3734 venire
1977 3669 2347 3750 jusserunt3
2386 3666 2467 3728 35

204 3766 328 3850 ipsi
357 3767 526 3830 clam
551 3766 814 3830 consilio
842 3766 1006 3828 inito
1033 3765 1377 3843 Achillam,
1408 3767 1803 3848 praefectum
1827 3763 2097 3845 regium,
2132 3760 2345 3838 singu-
