2734 4167
265 221 381 280 128
1013 215 1133 268 ΒΕ
1169 216 1433 270 BELLO
1480 217 1751 270 CIVILI.

387 378 610 441 Caesar
637 379 925 441 hostibus
964 379 1035 440 in
1063 399 1280 460 pugna
1321 380 1643 460 occupatis
1682 381 1993 443 militibus
2027 382 2323 462 expositis
2351 383 2517 446 Pha-

383 497 528 538 rum
547 477 883 556 prehendit
904 479 1092 556 atque
1119 476 1209 537 ibi
1235 476 1618 556 praesidium
1638 478 1866 556 posuit.
1945 477 2187 552 Quibus
2208 482 2302 541 est
2328 482 2517 543 rebus

383 575 682 635 effectum
709 577 785 634 ut
809 576 954 634 tuto
981 574 1382 634 frumentum
1410 573 1764 654 auxiliaque
1792 575 2057 636 navibus
2086 576 2165 636 ad
2194 595 2339 638 eum
2366 597 2516 658 sup-

380 669 618 750 portari
672 672 944 749 possent.
1035 668 1296 731 Dimisit
1343 668 1516 730 enim
1561 668 1800 730 circum
1856 689 2073 736 omnes
2125 671 2516 753 propinquas

303 768 340 827 5
382 765 734 845 provincias
763 769 951 845 atque
979 765 1128 826 inde
1157 764 1393 825 auxilia
1419 765 1717 826 evocavit.
1808 765 2087 844 Reliquis
2116 766 2333 845 oppidi
2370 788 2517 847 par-

380 861 552 923 tibus
600 862 688 923 sic
737 865 829 923 est
876 864 1253 942 pugnatum,
1305 864 1381 921 ut
1438 882 1635 941 aequo
1683 861 1923 942 proelio
1972 861 2400 925 discederetur
2447 867 2516 926 et

380 957 592 1019 neutri
634 958 1018 1038 pellerentur
1065 957 1161 1036 (id
1202 957 1556 1019 efficiebant
1598 956 1923 1039 angustiae
1964 957 2139 1038 loci),
2171 958 2515 1040 paucisque

379 1053 701 1133 utrimque
756 1052 1108 1116 interfectis
1159 1052 1385 1141 Caesar
1430 1055 1571 1115 loca
1624 1053 1897 1115 maxime
1941 1054 2289 1117 necessaria
2342 1076 2515 1124 com-

379 1151 600 1231 plexus
649 1155 847 1212 noctu
892 1148 1270 1230 praemunit.
1361 1148 1442 1210 In
1490 1148 1612 1210 hoc
1659 1152 1893 1211 tractu·
1919 1150 2328 1231 oppidi-'pars
2376 1155 2515 1213 erat

261 1249 338 1307 10
378 1246 584 1328 regiae
613 1246 858 1327 exigua,
892 1245 961 1307 in
993 1264 1182 1326 quam
1223 1244 1354 1325 ipse
1396 1244 1726 1306 habitandi
1776 1257 1963 1307 causa
2001 1245 2189 1306 initio
2232 1249 2367 1308 erat
2414 1246 2529 1308 in-·

380 1344 630 1419 ductUS,
667 1346 731 1405 et
771 1343 1096 1404 theatrum
1135 1341 1557 1421 conjunctum
1585 1341 1823 1418 domui,
1858 1343 2029 1422 quod
2066 1343 2225 1405 arcis
2254 1345 2515 1406 tenebat

377 1441 590 1501 locum
637 1440 972 1520 aditusque
1014 1438 1284 1499 habebat
1312 1437 1394 1498 ad
1441 1439 1701 1516 portum
1741 1441 1805 1500 et
1846 1438 1929 1499 ad
1956 1439 2197 1518 reliqua
2237 1439 2505 1502 navalia.

380 1536 515 1597 Has
562 1535 949 1597 munitiones
996 1532 1475 1614 insequentibus
1522 1533 1700 1594 auxit
1748 1533 1987 1610 diebuS,
2043 1537 2118 1595 ut
2161 1554 2279 1615 pro
2328 1554 2514 1595 muro

379 1633 655 1713 objectas
703 1632 962 1694 haberet
1006 1651 1132 1692 neu
1179 1629 1477 1692 dimicare
1522 1629 1762 1692 invitus
1807 1634 2149 1712 cogeretur.
2240 1631 2514 1694 Interim

260 1733 335 1791 15
377 1729 510 1790 filia
552 1729 762 1790 minor
791 1726 1134 1788 Ptolemaei
1179 1726 1342 1806 regis
1386 1745 1650 1788 vacuam
1676 1726 2124 1808 possessionem
2166 1729 2345 1809 regni
2374 1748 2513 1809 spe-

377 1845 522 1886 rans
565 1825 648 1886 ad
694 1823 1013 1886 Achillam
1054 1842 1180 1884 sese
1229 1843 1304 1884 ex
1349 1810 1535 1904 regia
1567 1822 1819 1904 trajecit
1859 1843 2109 1903 unaque
2137 1824 2375 1886 bellum
2402 1826 2512 1885 ad-

377 1922 737 1985 ministrare
781 1921 1004 2000 coepit.
1058 1961 1075 1973 .
1098 1919 1219 1982 Sed
1243 1921 1533 1981 celeriter
1576 1923 1669 1982 est
1706 1919 1879 1998 inter
1906 1939 2008 2003 eos
2038 1921 2115 1982 de
2142 1920 2511 2001 principatu

379 2017 802 2081 controversia
843 2020 1023 2094 orta3
1067 2036 1234 2097 quae.
1266 2035 1363 2078 res
1406 2017 1578 2096 apud
1618 2015 1853 2078 milites
1880 2015 2251 2098 largitiones
2292 2017 2511 2095 auxit3

376 2115 623 2195 magnis
651 2114 825 2176 enim
845 2112 1110 2194 jacturis
1138 2111 1256 2173 sibi
1287 2112 1551 2193 quisque
1574 2132 1793 2174 eorum
1820 2112 2063 2174 animos
2104 2113 2501 2176 conciliabat.

255 2215 334 2272 20
378 2211 552 2273 Haec
581 2212 738 2272 dum
765 2210 935 2291 apud
975 2209 1187 2270 hostes
1227 2211 1560 2289 geruntur,
1596 2208 1932 2285 Pothinus,
1965 2208 2284 2270 nutricius
2324 2211 2510 2289 pueri

257 2331 262 2336 ·
377 2312 441 2370 et
488 2311 860 2391 procurator
908 2307 1108 2388 regni,
1161 2306 1232 2367 in
1280 2309 1459 2387 parte
1511 2304 1808 2382 Caesaris,
1864 2325 2012 2372 cum
2060 2306 2141 2366 ad
2187 2304 2510 2367 Achillam

375 2405 637 2466 nuntios
684 2404 968 2488 mitteret
1012 2401 1497 2492 hortareturque
1545 2421 1626 2463 ne
1674 2400 1931 2481 negotio
1980 2400 2305 2463 desisteret
2352 2420 2511 2464 neve

376 2500 586 2562 animo
615 2501 927 2574 deficeret,
959 2498 1257 2560 indicatis
1286 2497 1810 2578 deprehensisque
1849 2496 2267 2558 internuntiis
2293 2517 2331 2558 a
2360 2497 2511 2559 Gae-
2630 2546 2635 2550 .
2708 2539 2734 2560 2

347 2617 508 2669 ¹sare
537 2600 630 2660 est
657 2597 1048 2659 interiectus.
1137 2594 1315 2688 Idaeo
1341 2593 1529 2655 initia
1555 2591 1705 2655 belli
1734 2591 2151 2654 Alexandrini
2177 2593 2463 2657 fuerunt.

2446 2761 2520 2800 N
