2734 4167
324 208 403 268 42
1087 202 1206 254 DE
1245 202 1509 256 BELLo
1557 204 1828 258 GJVJIJ
1888 191 1894 196 ’

443 369 783 449 adjuvabat
812 369 982 448 quod
1009 367 1142 429 sine
1170 367 1478 448 jumentis
1517 362 2111 449 impedimentisque
2154 370 2234 430 ad
2275 370 2397 432 iter
2432 391 2563 451 pro-

442 466 642 527 sectos
668 465 989 540 videbant,
1024 468 1099 525 ut
1128 484 1258 524 non
1286 484 1463 544 posse
1491 464 1772 544 inopiam
1802 465 2045 527 diutius
2086 467 2395 529 sustinere
2424 489 2567 530 con-

443 562 728 623 fiderent.
837 560 960 623 Sed
999 559 1110 621 ubi
1152 559 1463 640 paulatim
1504 561 1851 642 retorqueri
1894 582 2121 643 agmen
2164 564 2245 624 ad
2287 564 2567 626 dextram

444 662 903 739 conspexerunt
944 659 1198 739 jamque
1243 657 1481 739 primos
1530 678 1819 739 superare
1864 659 2182 741 regionem
2225 665 2568 724 castrorum

365 761 402 818 5
445 756 731 817 animum
781 756 1209 830 adverterunt,
1263 774 1451 817 nemo
1497 756 1632 816 erat
1680 756 1833 817 adeo
1883 756 2105 817 tardus
2159 760 2272 818 aut
2319 757 2569 839 fugiens
2635 811 2636 834 ,

445 853 693 928 laboriS‚
743 852 899 933 quin
947 851 1166 913 statim
1209 851 1427 913 castris
1471 854 1834 915 exeundum
1876 856 2064 934 atque
2114 856 2571 916 occurrendum
2637 861 2642 926 'a

447 953 724 1031 putaret.
817 949 1267 1011 Conclamatur
1297 950 1379 1011 ad
1411 970 1605 1025 arma,
1640 953 1829 1030 atque
1858 969 2073 1012 omnes
2114 952 2328 1031 copiae
2356 950 2572 1032 paucis
2639 929 2642 948 ⁴

449 1047 762 1128 praesidio
809 1045 1048 1108 relictis
1094 1041 1461 1109 cohortibus
1507 1049 1743 1108 exeunt
1787 1050 2085 1128 rectoque
2130 1048 2211 1109 ad
2258 1048 2574 1110 Hiberum
2645 1109 2646 1112 ,

447 1145 676 1207 itinere
720 1145 1139 1205 contendunt.
1232 1142 1437 1204 LXX.
1488 1142 1647 1202 Erat
1688 1141 1756 1202 in
1812 1143 2133 1205 celeritate
2183 1163 2370 1205 omne
2412 1142 2575 1223 posi-
2649 1207 2650 1212 ,

329 1245 407 1303 10
451 1244 593 1303 tum
622 1244 963 1317 certamen,
998 1240 1128 1301 utri
1158 1240 1334 1320 prius
1364 1239 1690 1321 angustias
1733 1243 2102 1321 montesque
2146 1244 2574 1320 occuparent3

449 1339 559 1400 sed
586 1338 933 1400 exercitum
964 1337 1243 1400 Caesaris
1275 1337 1527 1400 viarum
1555 1338 1961 1400 difficultates
1994 1338 2353 1414 tardabant,
2387 1337 2576 1400 Afra-

447 1436 540 1498 nii
600 1435 810 1516 copias
866 1436 1186 1515 equitatus
1246 1435 1527 1498 Caesaris
1583 1435 1922 1515 insequens
1980 1436 2364 1497 morabatur.
2456 1436 2576 1498 Res
2653 1427 2654 1436 ¹

449 1537 664 1595 tamen
720 1534 797 1594 ab
853 1532 1225 1594 Afranianis
1270 1533 1399 1595 huc
1455 1535 1589 1595 erat
1635 1526 1981 1595 necessario
2027 1532 2321 1608 deducta,
2375 1534 2472 1609 ut,
2524 1532 2577 1594 si
2638 1529 2658 1568 '³

456 1631 692 1711 priores
747 1633 992 1692 montes
1045 1650 1201 1711 quos
1247 1630 1553 1713 petebant
1607 1628 1989 1711 attigissent,
2045 1628 2166 1708 ipsi
2224 1628 2578 1709 periculum
2655 1627 2660 1682 ἓ

333 1731 408 1788 15
455 1727 750 1802 vitarent,
778 1726 1236 1807 impedimenta
1256 1725 1456 1789 totius
1484 1725 1794 1788 exercitus
1826 1727 2237 1807 cohortesque
2264 1726 2334 1786 in
2363 1727 2584 1792 castris·
2661 1735 2664 1806 ζ

452 1824 701 1885 relictas
756 1844 997 1887 servare
1053 1844 1183 1885 non
1239 1825 1541 1904 possent3
1602 1822 1831 1903 quibus
1886 1822 2245 1884 interclusis
2300 1824 2577 1887 exercitu
2663 1809 2664 1820 ἵ

455 1920 732 1982 Caesaris
793 1919 1103 1981 auxiiium
1157 1919 1313 1982 ferri
1369 1920 1549 1981 nulla
1605 1918 1848 1980 ratione
1890 1921 2172 1999 poterat.
2288 1918 2580 1983 Consecit

451 2018 624 2098 prior
650 2017 770 2079 iter
801 2016 1026 2077 Cacsar
1055 2019 1247 2097 atque
1274 2033 1351 2079 ex
1380 2015 1626 2097 magnis
1660 2014 1927 2095 rupibus
1969 2018 2196 2076 nactus
2237 2015 2580 2096 planiciem

452 2113 521 2173 in
563 2114 683 2175 hac
735 2116 956 2174 contra
1003 2111 1251 2174 hostem
1301 2112 1503 2173 aciem
1550 2111 1834 2173 instruit.
1915 2110 2255 2189 Afraniae,
2311 2133 2460 2175 cum
2503 2114 2580 2176 ab
2677 2105 2682 2170 ’ἃ

333 2215 411 2271 20
453 2210 738 2291 equitatu
793 2209 1211 2272 novissimum
1267 2230 1495 2291 agmen
1550 2211 1963 2289 premeretur,
2017 2212 2166 2272 ante
2220 2229 2285 2271 se
2334 2209 2581 2273 hostem
2683 2189 2686 2260 J

451 2307 714 2381 videret,
749 2307 974 2367 collem
1003 2307 1323 2386 quendam
1372 2308 1600 2367 nactus
1644 2304 1732 2366 ibi
1777 2303 2085 2367 constitit.
2176 2304 2278 2366 Ex
2325 2325 2399 2367 eo
2443 2307 2582 2369 loco
2687 2347 2688 2380 3

454 2420 574 2464 1111
604 2406 988 2465 cetratorum
1031 2404 1318 2465 cohortes
1361 2403 1431 2463 in
1474 2406 1760 2465 montem
1802 2401 1912 2483 qui
1956 2405 2091 2465 erat
2124 2402 2195 2463 in
2237 2406 2584 2484 conspectu

454 2490 742 2563 omnium
784 2502 1239 2564 excelsissimus
1286 2501 1512 2563 mittit.
1622 2502 1818 2563 Hunc
1860 2521 2091 2582 magno
2138 2521 2327 2564 cursu
2374 2503 2584 2565 conci-

453 2603 619 2660 tatos
666 2600 850 2680 jubet
896 2619 1219 2678 occupare,
1255 2620 1326 2661 eo
1371 2598 1653 2675 consiliO,
1702 2599 1801 2659 uti
1847 2598 1981 2678 ipse
2026 2600 2245 2661 eodem
2288 2601 2587 2662 omnibus
2689 2639 2690 2642 =

335 2702 411 2758 25
456 2696 650 2776 copiis
694 2698 1105 2758 contenderet
1154 2701 1218 2760 et
1260 2700 1510 2758 mutato
1555 2696 1782 2769 itinere
1810 2695 1980 2775 jugis
2027 2694 2402 2777 Octogesam
2443 2717 2586 2777 per·
2691 2683 2694 2708 ¹

454 2795 713 2857 veniret.
806 2795 1002 2856 Hunc
1045 2815 1192 2856 cum
1236 2796 1489 2875 obliquo
1531 2793 1760 2854 itinere
1809 2794 2033 2855 cetrati
2077 2797 2386 2873 peterent,
2436 2816 2589 2857 con·
2693 2807 2698 2842 ‘2

455 2891 732 2971 spicatus
775 2891 1094 2972 equitatus
1126 2890 1410 2953 Caesaris
1437 2890 1517 2950 in·
1549 2890 1838 2951 cohortes
1880 2889 2197 2969 impetum
2224 2891 2424 2970 fecit,
2466 2913 2591 2956 nec

455 2987 788 3048 minimam
837 2990 1084 3067 partem
1132 2985 1438 3066 temporis
1482 2986 1774 3066 equitum
1828 2985 1958 3047 vim
2005 2987 2228 3049 cetrati
2274 2989 2592 3053 sustinere

454 3088 806 3165 potuerunt
835 3104 1174 3165 omnesque
1204 3084 1282 3145 ab
1313 3082 1401 3145 eis
1433 3081 1850 3144 circumventi
1880 3082 1948 3143 in
1974 3089 2317 3165 conspectu
2347 3087 2592 3149 utrius-

335 3186 414 3243 30
457 3202 575 3262 que
632 3181 942 3244 exercitus
998 3179 1494 3242 interficiuntur.
1607 3178 1847 3240 LXXI.
1912 3179 2072 3241 Erat
2129 3181 2370 3243 occasio
2425 3185 2594 3246 bene

455 3279 762 3358 gerendae
804 3276 911 3338 rei.
1005 3277 1224 3357 Neque
1266 3294 1413 3337 vero
1443 3274 1512 3334 id
1544 3273 1872 3335 Caesarem
1899 3275 2209 3356 fugiebat,
2243 3279 2427 3337 tanto
2471 3280 2596 3340 sub

458 3374 654 3436 oculis
705 3377 963 3455 accepto
1007 3373 1389 3436 detrimento
1431 3372 1842 3458 perterritum
1884 3372 2231 3435 exercitum
2276 3374 2596 3436 sustinere

455 3492 586 3532 non
615 3491 812 3551 posse,
849 3470 1217 3550 praesertim
1260 3469 1726 3531 circumdatum
1768 3469 2049 3550 undique
2092 3468 2403 3549 equitatu,
2438 3490 2596 3532 cum

459 3567 526 3627 in
553 3568 691 3628 loco
721 3586 918 3646 aequo
947 3570 1135 3647 atque
1165 3567 1383 3645 aperto
1428 3564 1911 3645 confligeretur3
1955 3565 2143 3644 idque
2185 3585 2263 3627 ex
2290 3565 2595 3628 omnibus

337 3668 414 3725 35
458 3663 741 3742 partibus
763 3663 840 3724 ab
864 3683 934 3724 eo
959 3663 1383 3743 flagitabatur.
1440 3660 1915 3722 Concurrebant
1943 3649 2156 3741 legati,
2184 3662 2594 3726 centuriones

459 3759 824 3839 tribunique
881 3758 1201 3820 militum:
1270 3779 1351 3822 ne
1408 3758 1729 3821 dubitaret
1790 3757 2103 3839 proelium
2159 3758 2585 3824 committere.
