2734 4167
2423 183 2444 215 ἢ

304 221 424 280 114
974 272 981 276 ,
1059 211 1177 263 DE
1217 211 1481 265 BELLO
1530 210 1795 264 CJVJLJ
2087 266 2126 292 f,

1727 280 2046 373 MC
2077 276 2462 339 &Lx-²4⁴&
2481 276 2534 311 Μ’

405 379 747 451 videretur,
783 377 1166 438 tentandum
1194 375 1425 437 Caesar
1451 376 1837 438 existimavit
1866 376 2172 458 quidnam
2206 378 2547 458 Pompeius

409 472 718 553 propositi
748 474 861 533 aut
887 472 1235 533 voluntatis
1264 473 1345 533 ad
1375 473 1814 534 dimicandum
1842 472 2120 535 haberet.
2212 473 2438 555 Itaque
2467 495 2547 537 ex

410 569 630 631 castris
658 569 1005 630 exercitum
1034 569 1255 629 eduxit
1283 569 1606 650 aciemque
1635 569 1961 644 instruxit,
1995 569 2202 649 primo
2234 571 2362 631 suis
2388 571 2545 633 locis

49 640 291 783 st
406 666 718 745 pauloque
746 685 782 726 a
805 665 1024 727 castris
1043 665 1327 745 Pompeii
1349 666 1623 746 longius,
1648 666 2134 741 continentibus
2146 687 2296 733 vero
2319 667 2542 730 diebus

0 770 55 833 ’μ
116 802 241 879 ,Ὅ
325 765 362 824 5
404 765 480 822 ut
508 763 991 843 progrederetur
1017 782 1055 823 a
1083 761 1303 823 castris
1333 762 1462 822 suis
1491 762 1882 842 collibusque
1914 762 2314 842 Pompeianis
2342 762 2541 824 aciem

76 842 113 875 ι’
310 857 761 938 ‚mbjioeret
855 856 1026 932 Quae
1054 878 1153 919 res
1183 857 1250 918 in
1279 858 1412 919 djes
1454 858 1988 919 confirmatiorem
2015 859 2154 938 ejus
2192 859 2543 920 exercitum

364 944 730 1041 a'effic-{igloat
824 953 1125 1034 Superius
1172 956 1390 1015 tamen
1438 954 1813 1033 institutum
1862 954 1932 1015 in
1982 954 2321 1035 equitibus,
2367 956 2542 1035 quod

406 1050 993 1125 demonstravimuS,
1028 1050 1331 1124 servabat,
1365 1052 1461 1124 ut,
1498 1050 1801 1130 quoniam
1842 1071 2107 1113 numero
2150 1052 2370 1112 multis
2399 1071 2542 1131 par-

290 1148 297 1154 '
403 1146 575 1207 tibus
604 1149 768 1208 esset
796 1147 1077 1221 inferior,
1113 1146 1538 1220 adolescentes
1565 1149 1755 1226 atque
1784 1147 2107 1226 expeditos
2149 1167 2225 1210 ex
2265 1148 2541 1230 antesig-

54 1290 67 1345 ἱ
258 1246 383 1395 ger
404 1244 588 1305 nanis
637 1244 851 1306 electis
900 1245 981 1305 ad
1022 1243 1468 1323 pernicitatem
1510 1242 1702 1304 armis
1747 1243 1920 1305 inter
1961 1244 2201 1324 equites
2243 1245 2538 1325 proeliari

60 1350 69 1357 “
206 1334 253 1381 k.
404 1341 673 1420 juberet,
709 1341 813 1421 qui
860 1328 1731 1421 quotidjaffionsuetudine
1773 1359 1961 1401 usum
1989 1361 2237 1421 quoque
2265 1342 2405 1421 ejus
2435 1362 2540 1422 ge-

403 1437 574 1498 neris
617 1437 999 1516 proeliorum
1040 1436 1458 1516 perciperent.
1552 1435 1673 1497 His
1714 1440 1849 1498 erat
1889 1437 2075 1499 rebus
2118 1438 2423 1499 effectum
2461 1442 2538 1500 ut

403 1534 692 1614 equitum
721 1533 895 1594 mille
940 1534 1131 1594 etiam
1160 1532 1576 1611 apertioribus
1598 1533 1751 1594 locis
1779 1550 1887 1594 ΠΙ
1916 1533 2167 1594 milium
2206 1534 2539 1614 Pompeia-

403 1650 635 1691 norum
655 1629 988 1709 impetum,
1019 1649 1166 1691 cum
1195 1631 1438 1697 adesset
1459 1648 1631 1704 usne,
1660 1630 1969 1691 sustinere
1997 1632 2303 1693 auderent
2331 1652 2539 1712 neque

285 1723 360 1789 15
402 1746 782 1807 magnopere
811 1746 1030 1787 eorum
1058 1707 1475 1787 multitudine
1504 1718 1913 1788 terrerentur.
2004 1727 2298 1807 Namque
2341 1729 2539 1790 etiam

402 1843 515 1903 per
541 1842 644 1883 eos
673 1822 805 1882 dies
835 1822 1146 1900 proelium
1188 1818 1540 1883 secundum
1586 1825 1870 1902 equestre
1897 1822 2053 1884 fecit
2099 1826 2288 1903 atque
2328 1844 2540 1886 unum

402 1920 808 1999 Allobrogem
849 1939 924 1980 ex
953 1920 1198 1980 duobus
1227 1939 1381 1999 quos
1409 1919 1759 2000 perfugisse
1771 1921 1882 2008 sad
1927 1919 2302 1999 Pompeium
2345 1941 2540 2001 supra

355 2027 358 2030 ’
403 2014 753 2092 docuimus,
789 2036 938 2077 cum
968 2016 1347 2096 quibusdam
1376 2005 1756 2121 interfecit&
1799 2017 2130 2078 LXXXV.
2168 2016 2532 2097 PompeiuS,

405 2112 512 2193 qui
542 2116 744 2174 castra
784 2113 853 2172 in
898 2113 1052 2174 colle
1082 2112 1374 2188 habebat,
1412 2114 1494 2174 ad
1522 2114 1773 2174 infimas
1802 2113 2043 2174 radices
2060 2113 2307 2174 montis
2334 2114 2539 2176 aciem

281 2213 360 2270 20
402 2209 776 2285 instruebat,
812 2229 1074 2289 semper,
1109 2212 1184 2270 ut
1216 2210 1570 2286 videbatur,
1607 2213 1992 2290 exspectans,
2027 2209 2080 2271 si
2118 2210 2354 2290 iniquis
2382 2211 2538 2274 locis

405 2307 630 2368 Caesar
677 2327 740 2368 se
779 2306 1131 2387 subjiceret.
1225 2306 1448 2369 Caesar
1478 2308 1657 2367 nulla
1684 2307 1929 2368 ratione
1957 2308 2040 2368 ad
2066 2327 2349 2388 pugnam
2391 2307 2536 2369 elici

400 2423 581 2483 posse
610 2403 985 2483 Pompeium
1028 2403 1393 2464 existimans
1422 2402 1587 2465 hanc
1630 2403 1749 2464 sibi
1779 2403 2354 2464 commodissimam
2382 2404 2535 2465 belli

400 2500 712 2561 rationem
739 2499 1070 2580 judicavit,
1105 2499 1203 2559 uti
1232 2503 1436 2561 castra
1465 2520 1541 2561 ex
1569 2519 1641 2562 eo
1668 2500 1807 2560 loco
1855 2501 2134 2560 moveret
2162 2518 2536 2580 semperque
2623 2570 2648 2585 ἢ

402 2600 563 2658 osset
592 2596 661 2656 in
688 2596 1039 2679 itineribus,
1074 2596 1227 2658 haec
1270 2599 1579 2676 spectanS,
1614 2599 1689 2656 ut
1718 2596 2044 2658 movendis
2085 2595 2305 2657 castris
2332 2597 2570 2687 pluri-„-
2621 2584 2628 2593 ’

282 2697 356 2754 25
400 2694 638 2773 busque
679 2693 986 2754 adeundis
1013 2692 1165 2753 locis
1207 2693 1631 2755 commodiore
1674 2713 1741 2754 re
1769 2693 2189 2754 frumentaria
2216 2696 2526 2770 uteretur,
2539 2692 2634 2747 ἔθ’·
2719 2694 2727 2700 ’

402 2790 711 2869 simulque
741 2790 808 2849 in
839 2790 1063 2850 itinere
1107 2791 1183 2849 ut
1227 2789 1504 2869 aliquam
1549 2790 1938 2851 occasionem
1983 2782 2533 2852 dimicandi'fian-
2572 2772 2582 2823 3

310 2966 319 2971 q
402 2886 737 2949 cisceretur
765 2889 828 2947 et
856 2886 1186 2946 insolitum
1215 2886 1294 2946 ad
1322 2886 1600 2947 laborem
1630 2886 1916 2966 Pompeii
1945 2887 2294 2948 exercitum
2322 2889 2533 2968 quoti-

403 2983 606 3043 dianis
661 2981 994 3044 itineribus
1043 2982 1436 3063 defatigaret.
1530 2983 1651 3044 His
1700 2983 2065 3044 constitutis
2113 2984 2299 3045 rebus
2347 2984 2531 3064 signo

196 3160 201 3169 ff
400 3081 531 3160 jam
573 3080 982 3159 profectionis
1026 3081 1175 3141 dato
1209 3081 1754 3161 tabernaculisque
1797 3081 2092 3236 deQesiS,
2137 3081 2533 3144 animadver-

281 3182 357 3238 30
401 3197 541 3236 sum
563 3180 656 3237 est
683 3177 872 3255 paulo
902 3181 1048 3238 ante
1071 3180 1248 3237 extra
1270 3176 1709 3256 quotidianam
1730 3196 1962 3245 consue
1994 3176 2257 3238 udinem
2277 3177 2532 3258 longius

399 3295 436 3335 a
475 3275 640 3336 vallo
683 3294 812 3335 esse
856 3275 1054 3335 aciem
1085 3273 1370 3353 Pompeii
1400 3293 1812 3355 progressam,
1850 3275 1925 3333 ut
1964 3291 2094 3333 non
2137 3271 2357 3352 iniquo
2391 3274 2532 3334 loco

398 3389 575 3449 posse
605 3369 892 3430 dimicari
920 3370 1255 3431 videretur.
1349 3369 1534 3431 Tunc
1566 3369 1790 3431 Caesar
1817 3369 1989 3447 apud
2017 3387 2182 3444 suos,
2219 3387 2366 3429 cum
2394 3369 2532 3449 jam

399 3469 557 3528 esset
599 3485 825 3547 agmen
867 3466 937 3526 in
965 3466 1186 3546 portiS,
1227 3470 1272 3498 “
1294 3465 1739 3527 Differendum
1767 3464 1931 3541 est,''
1959 3465 2192 3545 inquit,
2234 3464 2421 3525 “iter
2457 3465 2530 3526 in

395 3562 750 3640 praesentia
781 3562 965 3623 nobis
993 3565 1056 3623 et
1085 3563 1162 3623 de
1188 3562 1431 3642 proelio
1474 3562 1906 3642 cogitandum,
1941 3562 2106 3624 sicut
2148 3579 2393 3640 semper
2422 3561 2529 3623 de-

279 3659 354 3715 35
388 3655 808 3734 poposcimus,
900 3657 1137 3718 Animo
1206 3657 1403 3717 simus
1458 3658 1536 3717 ad
1594 3658 2028 3718 dimicandum
2083 3654 2288 3738 parati
2318 3677 2331 3714 :
2391 3673 2524 3714 non

244 2888 303 2903 aad

399 3748 582 3809 facile
626 3751 1012 3812 occasionem
1057 3757 1273 3831 postea
1321 3753 1786 3834 reperiemus?
1836 3750 2293 3829 confestimque
2338 3764 2525 3829 expe-
2599 3813 2608 3819 ,
2663 3786 2672 3789 -
2723 3826 2734 3835 „
