2734 4167
254 213 332 271 88
1029 203 1147 256 DE
1186 202 1452 255 BELLO
1499 202 1582 256 01
1587 202 1760 255 VILI

372 389 527 451 quos
574 368 807 430 milites
856 367 1218 447 equitesque
1258 366 1796 445 transportandOS,
1844 369 2171 446 pontoneS‚
2206 366 2373 447 quod
2414 368 2509 428 est

370 486 568 548 genus
609 457 868 526 navium
913 463 1317 539 Gallicarum,
1354 462 1515 524 Lissi
1557 462 1879 543 relinquit,
1916 463 2036 526 hoc
2078 463 2357 538 consilio,
2403 464 2502 538 ut,

370 562 423 624 si
472 563 636 623 forte
667 560 1003 641 Pompeius
1051 580 1314 622 vacuam
1362 559 1727 621 existimans
1755 559 2006 621 Italiam
2046 580 2117 622 eo
2160 559 2508 640 trajecisset

370 657 737 734 exercitum,
772 677 929 738 quae
972 657 1185 738 opinio
1227 658 1360 718 erat
1389 656 1559 718 edita
1596 655 1664 716 in
1692 657 1940 738 vulgus,
1973 656 2251 737 aliquam
2282 656 2509 734 Caesar

292 760 329 819 5
370 756 453 817 ad
506 753 965 835 insequendum
1018 753 1391 815 facultatem
1446 751 1724 828 haberet,
1786 752 2167 833 nuntiosque
2223 752 2303 814 ad
2358 771 2509 813 eum

369 851 657 914 celeriter
696 850 919 927 mittit,
956 850 1183 931 quibus
1224 850 1586 932 regionibus
1627 850 1974 912 exercitum
2017 850 2397 930 exposuisset
2439 852 2506 911 et

369 948 525 1029 quid
566 946 847 1009 militum
888 946 1345 1024 transzexisset.
1438 946 1652 1007 XXX.
1704 946 1878 1008 Haec
1920 947 2138 1008 eodem
2180 947 2312 1009 fere
2347 950 2509 1008 tem-

367 1064 518 1127 pore
576 1044 800 1107 Caesar
855 1047 1041 1125 atque
1097 1044 1436 1125 Pompeius
1488 1046 1897 1125 cognoscunt,
2009 1043 2178 1105 Nam
2233 1045 2509 1124 praeter-

367 1144 574 1204 vectas
603 1139 1010 1221 Apolloniam
1040 1141 1634 1224 Dyrrhachiumque
1662 1161 1851 1203 naves
1891 1139 2201 1216 viderant,
2237 1140 2358 1220 ipsi
2387 1141 2511 1202 iter

250 1242 328 1300 10
369 1238 719 1300 secundum
767 1256 868 1299 eas
915 1239 1082 1299 terra
1129 1238 1505 1314 direxerant,
1540 1238 1647 1300 sed
1697 1257 1820 1318 quo
1869 1240 2072 1299 essent
2117 1257 2222 1299 eae
2264 1230 2509 1299 delatae

367 1334 589 1414 primis
615 1334 835 1396 diebus
864 1334 1256 1416 ignorabant.
1350 1334 1743 1416 Cognitaque
1786 1354 1852 1396 re
1880 1334 2124 1397 diversa
2166 1334 2283 1396 sibi
2320 1335 2506 1396 ambo

369 1431 629 1493 consilia
670 1431 931 1511 capiunt
963 1453 977 1492 ε
1029 1430 1272 1513 Cacsar,
1305 1434 1382 1492 ut
1410 1452 1601 1512 quam
1628 1431 1909 1511 primum
1951 1451 2014 1494 se
2043 1430 2509 1517 QAntonio

368 1527 830 1608 conjungeret3
887 1526 1245 1605 Pompeius,
1303 1529 1379 1588 ut
1432 1525 1833 1590 venientibus
1886 1526 1956 1587 in
2011 1526 2238 1589 itinere
2287 1546 2349 1588 se
2398 1546 2511 1606 op-

367 1625 648 1702 poneret,
683 1622 734 1683 si
764 1622 1196 1702 imprudentes
1237 1643 1312 1685 ex
1354 1623 1599 1687 insidiis
1640 1621 1872 1686 adoriri
1900 1626 2130 1703 posset,
2166 1623 2509 1703 eodemque

251 1722 326 1780 15
370 1718 473 1780 die
515 1722 780 1800 uterque
823 1738 1040 1781 eorum
1082 1739 1158 1781 ex
1199 1720 1417 1782 castris
1466 1719 1710 1782 stativis
1758 1740 1796 1781 a
1823 1719 2085 1782 flumine
2114 1719 2287 1800 Apso
2336 1739 2510 1783 exer-

370 1815 571 1877 citum
626 1816 954 1877 educunt:
1006 1815 1343 1896 Pompeius
1400 1817 1565 1878 clam
1624 1819 1688 1879 et
1734 1818 1976 1894 noctu3
2028 1816 2251 1879 Caesar
2297 1817 2511 1896 palam

372 1913 559 1991 atque
606 1910 905 1974 interdiu,
999 1910 1121 1973 Sed
1165 1910 1412 1974 Caesari
1454 1912 1726 1975 circuitu
1768 1914 2005 1995 majore
2048 1912 2168 1975 iter
2194 1916 2328 1975 erat
2350 1914 2510 1975 'lon-

372 2007 514 2088 gius
568 2008 825 2070 adverso
872 2006 1156 2083 flumine,
1203 2009 1278 2068 ut
1326 2008 1486 2070 vado
1527 2008 1792 2071 transire
1841 2012 2094 2090 posset3
2145 2009 2503 2090 Pompeius,

375 2103 522 2185 quia
541 2104 835 2184 expedito
860 2103 1084 2165 itinere
1106 2102 1343 2164 flumen
1367 2104 1424 2164 ei
1447 2106 1905 2167 transeundum
1926 2126 2055 2167 non
2084 2109 2235 2182 erat,
2261 2106 2509 2187 magnis

255 2206 334 2263 20
374 2200 708 2262 itineribus
736 2201 816 2263 ad
845 2200 1205 2262 Antonium
1243 2202 1591 2278 contendit,
1626 2205 1814 2282 atque
1856 2223 2001 2264 eum
2030 2201 2140 2264 ubi
2170 2203 2510 2282 appropin-

376 2318 564 2379 quare
603 2298 919 2379 cognovit,
953 2298 1252 2360 idoneum
1280 2299 1493 2361 locum
1521 2301 1764 2374 nactUS,
1799 2299 1887 2360 ibi
1930 2299 2137 2379 copias
2178 2299 2509 2362 collocavit

375 2414 640 2476 suosque
667 2414 882 2456 omnes
919 2393 990 2455 in
1031 2394 1248 2456 castris
1296 2383 1615 2457 continuit
1663 2394 1959 2476 ignesque
1988 2395 2122 2457 fieri
2150 2396 2503 2476 prohibuit,

377 2511 501 2571 quo
529 2491 834 2557 occultior
861 2493 1018 2552 esset
1046 2491 1182 2572 ejus
1210 2492 1536 2553 adventus.
1598 2491 1773 2555 Haec
1801 2493 1882 2574 ad
1903 2491 2261 2553 Antonium
2288 2493 2511 2554 statim

376 2607 487 2667 per
538 2587 803 2649 Graecos
851 2588 1242 2650 deferuntur.
1332 2587 1450 2650 me
1498 2587 1702 2650 missis
1758 2589 1839 2650 ad
1889 2587 2212 2651 Caesarem
2260 2589 2510 2651 nuntiis

259 2688 336 2746 25
377 2704 581 2746 unum
608 2685 777 2746 diem
819 2704 946 2747 sese
988 2685 1205 2747 castris
1244 2685 1456 2747 tenuit
1483 2706 1501 2764 3
1543 2686 1739 2746 altero
1768 2685 1870 2747 die
1910 2686 1991 2747 ad
2033 2705 2179 2747 eum
2218 2685 2511 2765 pervenit

382 2780 622 2844 Caesar.
718 2781 918 2862 Cujus
959 2782 1234 2845 adventu
1277 2782 1532 2862 cognito
1577 2781 1933 2861 Pompeius,
1967 2801 2048 2842 ne
2089 2781 2337 2841 duobus
2387 2781 2507 2842 cir-

380 2878 887 2940 cumcluderetur
934 2877 1326 2953 exercitibus,
1378 2898 1454 2939 ex
1501 2898 1573 2940 eo
1600 2878 1737 2939 loco
1780 2877 2044 2939 discedit
2093 2877 2511 2958 omnibusque

380 2973 578 3054 copiis
624 2975 704 3035 ad
751 2973 1170 3055 Asparagium
1213 2973 1801 3055 Dyrrhachinorum
1848 2973 2135 3053 pervenit
2181 2976 2370 3054 atque
2419 2975 2511 3036 ibi

381 3071 606 3132 idoneo
632 3072 769 3132 loco
798 3073 1000 3133 castra
1025 3070 1225 3151 ponit.

263 3174 341 3232 30
462 3169 709 3230 XXXI.
775 3169 894 3230 His
947 3169 1337 3249 temporibus
1405 3169 1615 3251 Scipio
1670 3169 2067 3232 detrimentis
2130 3171 2513 3252 quibusdam

381 3266 547 3328 circa
593 3268 875 3328 montem
928 3264 1253 3326 Amanum
1301 3267 1574 3347 acceptis
1625 3266 2070 3347 imperatorem
2118 3287 2181 3329 se
2236 3268 2512 3375 appella-

382 3366 572 3425 verat.
651 3363 789 3437 Quo
836 3363 1009 3424 facto
1065 3362 1428 3425 civitatibus
1475 3364 1882 3446 tyrannisque
1935 3382 2194 3470 magnas
2243 3363 2512 3443 impera-

383 3462 556 3522 verat
595 3458 913 3539 pecunias,
947 3458 1103 3520 item
1144 3459 1221 3519 ab
1263 3459 1617 3539 publicanis
1658 3479 1802 3520 suae
1831 3459 2186 3539 provinciae
2230 3460 2511 3521 debitam

385 3554 623 3615 biennii
675 3554 1009 3633 pecuniam
1064 3557 1348 3636 exegerat
1404 3558 1467 3616 et
1522 3556 1599 3616 ab
1648 3555 1870 3616 iisdem
1915 3554 2308 3663 ’insequentis
2356 3557 2512 3617 anni

269 3652 346 3710 35
388 3651 676 3709 mutuam
728 3654 1125 3729 plaeceperat
1172 3651 1532 3733 equitesque
1585 3651 1706 3713 toti
1754 3651 2111 3731 provinciae
2168 3651 2514 3731 imperave-

388 3744 505 3803 rat.
596 3742 836 3816 Quibus
876 3745 1127 3820 coactis,
1160 3747 1451 3808 finitimis
1492 3747 1778 3810 hostibus
1835 3747 2086 3810 Parthis
2126 3750 2270 3827 post
2309 3767 2375 3810 se
2417 3769 2514 3811 re-
