2734 4167
273 202 352 262 50
619 262 624 267 .
1034 196 1153 248 DE
1191 196 1457 251 BELLO
1504 197 1769 251 CIVJLI

390 363 613 423 turum
659 359 921 423 nemini.
1012 359 1200 423 Hanc
1254 380 1452 423 unam
1509 365 1700 443 atque
1756 363 2105 425 extremam
2162 382 2291 425 esse
2348 361 2519 444 pacis

393 457 848 520 condicionem.
940 457 1310 520 LXXXVI.
1362 458 1443 519 Id
1471 478 1616 520 vero
1646 458 1961 520 militibus
1990 460 2120 520 11111
2147 463 2519 541 pergratum

392 557 457 616 et
482 556 864 635 jucundum,
898 558 974 615 ut
1015 574 1093 616 ex
1133 555 1270 634 ipsa
1311 554 1777 635 significatione
1822 557 2113 637 cognosci
2146 556 2384 637 potuit,
2421 559 2513 631 ut,

394 649 502 730 qui
524 650 765 731 aliquid
784 650 942 730 justi
971 649 1357 712 incommodi
1389 652 1935 732 exspectavissent,
1963 654 2135 713 ultro
2162 652 2518 733 praemium

311 751 348 808 5
391 746 707 807 missionis
745 746 1004 808 ferrent.
1095 747 1264 808 Nam
1307 767 1458 809 cum
1501 749 1578 810 de
1620 749 1759 809 loco
1800 752 1867 810 et
1915 752 2200 828 tempore
2250 749 2391 830 ejus
2430 747 2516 809 rei

393 842 817 905 controversia
844 842 1205 920 inferretur,
1240 847 1304 905 et
1332 863 1485 907 voce
1514 846 1577 906 et
1611 844 1907 907 manibus
1934 845 2212 907 universi
2240 866 2317 907 ex
2358 846 2517 909 vallo

390 940 503 1001 ubi
532 940 951 1002 constiterant
981 940 1337 1022 significare
1381 944 1725 1022 coeperunt
1766 944 1842 1002 ut
1870 941 2094 1003 statim
2121 941 2517 1005 dimitteren-

390 1039 520 1112 tur,
554 1056 755 1117 neque
799 1036 976 1097 omni
1020 1037 1399 1116 interposita
1445 1038 1570 1100 fide
1615 1038 1877 1098 firmum
1924 1057 2058 1101 esse
2106 1058 2308 1119 posse,
2357 1040 2410 1101 si
2450 1039 2518 1099 111

393 1132 569 1195 aliud
612 1137 867 1213 tempus
908 1133 1289 1196 differretur.
1383 1134 1610 1196 Paucis
1660 1154 1809 1196 cum
1856 1138 2018 1197 esset
2067 1135 2134 1196 in
2184 1139 2516 1217 utramque

274 1233 352 1293 10
392 1232 640 1310 partem
692 1230 898 1293 verbis
942 1230 1361 1310 disputatum,
1423 1250 1519 1292 res
1573 1231 1702 1291 huc
1755 1231 2110 1306 deducitur,
2166 1235 2241 1292 ut
2297 1233 2355 1294 ei
2413 1233 2516 1315 qui

393 1327 668 1390 habeant
715 1327 1113 1390 domicilium
1158 1330 1291 1388 aut·
1315 1326 1771 1406 possessionem
1815 1328 1884 1388 in
1914 1327 2228 1407 Hispania
2275 1329 2512 1404 statim,

393 1423 619 1505 reliqui
647 1425 731 1485 ad
758 1425 1003 1486 Varum
1023 1423 1263 1485 flumen
1286 1421 1739 1500 'dimittantur3
1781 1443 1862 1486 ne
1891 1423 2047 1504 quid
2074 1424 2161 1486 eis
2189 1429 2513 1501 noceatur,

392 1540 520 1583 neu
564 1520 705 1601 quis
753 1520 992 1582 invitus
1047 1522 1511 1581 sacramentum
1567 1519 1772 1581 dicere
1831 1523 2113 1600 cogatur,
2168 1541 2206 1581 a
2262 1521 2519 1585 Caesare

395 1619 669 1679 cavetur.
759 1615 1162 1677 LXXXVII.
1202 1614 1428 1676 Caesar
1457 1635 1534 1676 ex
1562 1635 1634 1677 eo
1656 1619 1959 1695 tempore,
1988 1618 2145 1678 dum
2174 1618 2255 1678 ad
2283 1618 2521 1682 fiumen

274 1716 352 1776 15
393 1713 641 1775 Varum
666 1712 981 1788 veniatur,
1016 1731 1079 1774 se
1106 1711 1509 1773 trumentum
1538 1712 1842 1773 daturum
1868 1701 2224 1793 pollicetur.
2315 1713 2523 1777 Addit

394 1808 610 1886 etiam,
641 1812 737 1885 ut,
773 1809 943 1889 quod
984 1808 1246 1888 quisque
1288 1827 1507 1869 eorum
1549 1806 1618 1869 in
1646 1809 1811 1869 bello
1852 1809 2155 1886 amiserit,
2191 1831 2352 1892 quae
2395 1812 2522 1873 sint

308 1976 317 1983 ³
391 1925 585 1986 penes
625 1905 860 1968 milites
901 1924 1063 1981 61106,
1099 1905 1176 1965 116
1219 1905 1327 1985 qui
1371 1905 1712 1967 amiserant
1752 1906 2167 1985 restituatur3
2209 1908 2521 1970 militibus

394 2021 593 2083 aequa
632 2004 803 2064 facta
843 2000 1284 2064 aestimatione
1324 2000 1664 2080 pecuniam
1704 2021 1820 2081 pro
1848 2002 1949 2063 his
1990 2001 2175 2065 rebus
2205 2004 2513 2067 dissolvit.

397 2099 836 2178 Quascumque
857 2100 1074 2177 postea
1101 2097 1563 2159 controversias
1584 2096 1755 2159 inter
1782 2117 1846 2159 se
1875 2098 2111 2160 milites
2132 2100 2514 2175 habuerunt,

274 2198 354 2258 20
396 2215 510 2257 sua
556 2198 782 2274 sponte
827 2195 910 2257 ad
959 2194 1284 2256 Gaesarem
1334 2194 1405 2255 in
1449 2196 1554 2275 jus
1597 2195 1912 2257 adierunt.
2003 2195 2290 2259 Petreius
2335 2202 2521 2279 atque

393 2291 702 2353 Afranius
756 2310 905 2353 cum
960 2290 1353 2370 stipendium
1410 2292 1488 2352 ab
1544 2291 1900 2372 legionibus
1953 2311 2153 2371 paene
2209 2294 2521 2356 seditione

394 2389 566 2449 facta
593 2386 1051 2468 flagitarentur,
1086 2387 1272 2467 cujus
1299 2386 1398 2447 illi
1427 2387 1595 2448 diem
1624 2389 1915 2449 nondum
1943 2389 2184 2451 venisse
2213 2390 2515 2466 dicerent,

398 2484 623 2546 Caesar
665 2487 742 2544 ut
783 2486 1190 2564 cognosceret
1229 2484 1626 2563 postulatum
1668 2487 1783 2559 est,
1818 2504 2015 2564 eoque
2056 2486 2311 2566 utrique
2355 2488 2523 2569 quod

395 2580 621 2642 statuit
668 2580 953 2642 contenti
994 2580 1277 2641 fuerunt.
1374 2579 1561 2641 Parte
1604 2580 1855 2643 circiter
1878 2580 2069 2642 tertia
2097 2583 2410 2645 exercitus
2452 2604 2524 2646 eo

277 2680 353 2738 25
393 2675 590 2737 biduo
631 2675 890 2737 dimissa
931 2675 1088 2736 duas
1130 2674 1405 2755 legiones
1424 2695 1588 2737 suas
1632 2678 2019 2753 antecedere,
2067 2678 2339 2759 reliquas
2382 2681 2524 2741 sub-

395 2772 571 2854 sequi
614 2773 825 2858 jussit,
858 2775 934 2833 ut
981 2792 1114 2833 non
1160 2773 1353 2853 longo
1400 2772 1569 2834 inter
1613 2792 1678 2834 se
1722 2773 1925 2853 spatio
1970 2777 2176 2836 castra
2214 2775 2518 2853 facerent,

397 2869 576 2949 eique
617 2868 875 2949 negotio
917 2868 990 2943 Q.
1027 2868 1286 2929 Fufium
1329 2867 1638 2929 Calenum
1665 2870 1943 2951 legatum
1988 2871 2292 2950 praeficit.
2383 2873 2525 2936 Hoc

397 2965 535 3046 ejus
589 2964 974 3045 praescripto
1030 2984 1107 3026 ex
1156 2964 1470 3045 Hispania
1522 2965 1605 3026 ad
1657 2965 1900 3027 Varum
1954 2967 2198 3030 flumen
2252 2973 2348 3033 est
2403 2971 2525 3033 iter

395 3063 662 3137 factum,
696 3063 886 3142 atque
913 3060 1005 3123 ibi
1031 3060 1276 3141 reliqua
1300 3080 1449 3141 pars
1475 3061 1785 3125 exercitus
1814 3063 2073 3126 dimissa
2098 3067 2213 3128 est.
