2734 4167
279 213 358 273 40
1040 209 1158 261 DE
1196 210 1463 263 BELLO
1511 210 1774 265 CIVILI

395 375 612 434 tamen
639 375 827 453 atque
861 372 1312 453 experiendum
1338 372 1605 454 judicat.
1696 374 1924 456 Itaque
1957 373 2339 439 infirmiores
2367 374 2543 438 mili-

395 473 489 531 tes
542 489 619 532 ex
662 470 953 532 omnibus
1002 470 1305 531 centuriis
1343 470 1537 552 deligi
1565 471 1767 551 jubet,
1802 490 2075 552 quorum
2119 475 2233 533 aut
2283 470 2541 534 animus

395 568 507 627 aut
534 566 695 628 vires
723 566 1102 629 videbantur
1141 566 1450 629 sustinere
1477 585 1609 627 non
1636 585 1831 646 posse.
1925 567 2062 629 Hos
2108 588 2258 629 cum
2286 566 2541 649 legione

395 682 524 723 una
566 662 874 742 praesidio
922 662 1140 724 castris
1189 661 1534 743 relinquit3
1577 661 1849 743 reliquas
1876 663 2158 745 legiones
2208 663 2540 745 expeditas

316 763 352 820 5
395 758 611 821 educit
665 778 1015 841 magnoque
1076 778 1340 821 numero
1397 759 1838 839 jumentorum
1894 760 1964 821 in
2019 759 2287 823 flumine
2345 781 2543 841 supra

395 859 583 936 atque
638 856 808 917 infra
861 855 1208 918 constituto
1258 854 1539 917 traducit
1597 855 1964 919 exercitum.
2060 857 2258 918 Pauci
2308 877 2388 919 ex
2437 857 2542 919 his

395 951 705 1013 militibus
759 952 1002 1032 abrepti
1056 952 1120 1015 vi
1175 952 1457 1013 fluminis
1512 952 1592 1014 ab
1650 952 1950 1033 equitatu.
1995 952 2410 1033 excipiuntur
2465 973 2541 1016 ac

395 1050 842 1127 sublevantur3
884 1048 1105 1112 interit
1149 1052 1362 1111 tamen
1399 1070 1604 1112 nemo.
1639 1049 1645 1054 ’
1698 1049 2022 1111 Traducto
2072 1050 2383 1112 incolumi
2433 1070 2542 1112 ex-

395 1145 598 1208 ercitu
652 1145 861 1226 copias
917 1144 1177 1207 instruit
1244 1145 1686 1226 triplicemque
1734 1145 1934 1208 aciem
1991 1146 2219 1208 ducere
2276 1145 2532 1226 incipit.

278 1245 356 1303 10
395 1241 492 1304 Ac
535 1246 792 1304 tantum
837 1242 967 1303 fuit
1007 1242 1077 1303 in
1119 1241 1430 1304 militibus
1474 1241 1694 1318 studii,
1725 1245 1824 1318 ut,
1859 1241 2114 1304 milium
2156 1262 2263 1305 sex
2291 1244 2374 1305 ad
2416 1242 2544 1306 iter

396 1341 613 1401 addito
662 1339 933 1402 circuitu
977 1359 1329 1421 magnaque
1378 1340 1458 1400 ad
1500 1338 1738 1401 vadum
1782 1338 2067 1401 fluminis
2113 1359 2290 1402 mora
2340 1339 2540 1403 inter-

396 1437 621 1516 posita,
651 1457 752 1499 eos
781 1437 888 1517 qui
917 1437 995 1497 de
1016 1434 1206 1514 tertia
1231 1435 1450 1517 vigilia
1477 1435 1749 1499 exissent
1777 1438 1925 1497 ante
1953 1436 2178 1498 horam
2208 1436 2334 1499 diei
2366 1455 2540 1501 V1111

398 1536 942 1614 consequerentur.
978 1521 1222 1594 x'LXV.
1262 1530 1430 1606 Quos
1460 1532 1571 1593 ubi
1600 1531 1909 1593 Afranius
1936 1534 2161 1611 procul
2189 1534 2357 1597 visos
2389 1555 2542 1597 cum

401 1629 647 1691 Petreio
677 1629 1019 1709 conspexit,
1053 1648 1217 1689 nova
1245 1648 1310 1689 re
1338 1628 1713 1708 perterritus
1740 1627 1894 1690 locis
1923 1629 2356 1709 superioribus
2392 1652 2540 1693 con-

281 1729 355 1788 15
399 1726 566 1787 stitit
595 1726 914 1806 aciemque
944 1725 1221 1786 instruit.
1305 1724 1531 1787 Caesar
1557 1723 1627 1785 in
1655 1724 1896 1805 campis
1925 1726 2276 1788 exercitum
2305 1727 2533 1804 reficit,

399 1843 479 1883 110
517 1822 833 1884 defessum
859 1820 1095 1902 proelio
1137 1820 1436 1901 objiciat3
1477 1840 1694 1884 rursus
1722 1825 2025 1884 conantes
2051 1824 2346 1905 progredi
2377 1824 2541 1886 inse-

400 1919 620 1999 quitur
647 1923 711 1980 et
738 1921 1037 1979 moratur.
1128 1916 1233 1977 Illi
1261 1917 1605 1979 necessario
1646 1917 1962 1979 maturius
1991 1939 2182 1999 quam
2225 1920 2540 1981 constitu-

399 2020 579 2079 erant
610 2019 811 2078 castra
832 2017 1098 2096 ponunt.
1164 2013 1479 2077 Suberant
1500 2013 1672 2077 enim
1700 2017 1972 2091 montes,
2000 2018 2190 2095 atque
2212 2036 2250 2077 a
2277 2017 2540 2080 milibus

397 2133 699 2193 passuum
728 2129 775 2175 V
802 2112 1029 2173 itinera
1057 2111 1340 2174 difficilia
1374 2117 1562 2193 atque
1591 2115 1862 2194 angusta
1890 2112 2305 2191 excipiebant.
2399 2115 2538 2177 Hos

278 2216 356 2275 20
398 2213 644 2273 montes
701 2209 937 2271 intrare
999 2208 1357 2317 cupiebant,
1420 2212 1495 2270 ut
1553 2209 1914 2290 equitatum
1969 2210 2326 2290 effugerent
2384 2209 2542 2273 an-

399 2310 553 2372 saris
581 2307 1029 2415 praesidiisque
1072 2305 1141 2366 in
1185 2305 1496 2387 angustiis
1541 2306 1865 2367 collocatis
1910 2305 2264 2388 exercitum
2309 2305 2540 2370 itinere

397 2405 825 2486 prohiberent,
880 2402 1000 2483 ipsi
1049 2401 1182 2464 31110
1229 2401 1511 2482 periculo
1560 2421 1633 2464 ac
1682 2401 1909 2463 timore
1958 2383 2277 2465 Hiberum
2323 2403 2541 2484 copias

399 2505 821 2565 traducerent.
916 2499 1100 2575 Quod
1125 2498 1254 2561 fuit
1295 2500 1421 2561 illis
1451 2499 1812 2560 conandum
1854 2502 2044 2579 atque
2086 2499 2264 2561 omni
2291 2501 2541 2564 ratione

401 2601 841 2678 efficiendum3
884 2599 991 2661 sed
1035 2597 1232 2659 totius
1268 2587 1393 2658 diei
1434 2616 1652 2677 pugna
1694 2601 1885 2677 atque
1913 2597 2163 2660 itineris
2189 2598 2404 2662 labore
2433 2600 2541 2661 de-

280 2702 357 2762 25
399 2699 548 2761 fessi
588 2718 721 2760 rem
761 2697 830 2757 in
869 2698 1192 2777 posterum
1231 2694 1400 2757 diem
1434 2693 1840 2756 distulerunt.
1933 2692 2160 2756 Caesar
2190 2715 2439 2776 quoque
2467 2694 2541 2756 111

401 2795 686 2877 proximo
736 2793 892 2855 colle
941 2795 1142 2854 castra
1189 2791 1390 2872 ponit.
1483 2790 1721 2853 LXVI.
1761 2789 1988 2854 ,Media
2029 2791 2280 2854 circiter
2321 2793 2534 2867 nocte,

400 2894 476 2956 iis
527 2893 635 2974 qui
676 2889 1033 2972 adaquandi
1084 2909 1270 2951 causa
1317 2887 1572 2969 longius
1617 2907 1655 2948 a
1711 2887 1932 2950 castris
1982 2890 2415 2968 processerant
2455 2889 2539 2949 ab

401 2990 718 3073 equitibus
761 2986 1084 3068 correptis,
1118 2986 1194 3047 fit
1237 2986 1316 3047 ab
1360 2985 1461 3046 1113
1503 2984 1734 3047 certior
1763 2984 1990 3056 Caesar
2018 2986 2208 3046 duces
2250 2985 2539 3047 adversa-

399 3089 640 3151 riorum
668 3084 918 3150 silentio
948 3083 1157 3165 copias
1185 3081 1407 3145 castris
1436 3082 1718 3144 educere.
1812 3079 1949 3155 Quo
1991 3081 2247 3161 cognito
2276 3080 2539 3163 signum

198 3224 223 3236 ·
281 3192 359 3250 30
400 3185 536 3249 dari
565 3186 748 3267 jubet
789 3187 855 3246 et
881 3202 1026 3245 vasa
1070 3178 1330 3241 militari
1379 3198 1550 3239 more
1593 3176 1991 3240 conclamari.
2083 3177 2188 3238 Illi
2234 3179 2542 3242 exaudito

401 3286 669 3347 clamore
698 3280 881 3345 veriti
910 3300 990 3343 ne
1032 3280 1227 3340 noctu
1270 3275 1563 3356 impediti
1607 3275 1723 3336 sub
1754 3293 1938 3336 onere
1982 3273 2316 3354 confligere
2358 3295 2541 3356 coge-

402 3367 623 3444 rentur
665 3383 777 3441 aut
806 3398 884 3440 nc
913 3378 990 3439 ab
1020 3373 1310 3456 equitatu
1342 3370 1621 3434 Caesaris
1666 3369 1736 3431 in
1785 3369 2097 3451 angustiis
2137 3373 2535 3447 tenerentur,

400 3479 521 3541 iter
549 3476 958 3557 supprimunt
986 3471 1320 3552 copiasque
1349 3468 1419 3530 in
1450 3466 1667 3530 castris
1703 3466 2052 3528 continent.
2145 3465 2406 3527 Postero
2436 3468 2542 3531 die

401 3574 686 3638 Petreius
729 3592 877 3634 cum
918 3569 1141 3651 paucis
1189 3566 1509 3647 equitibus
1559 3563 1805 3625 occulte
1850 3563 1931 3623 ad
1978 3562 2360 3641 exploranda
2400 3563 2544 3626 loca

280 3674 357 3732 35
399 3670 840 3751 proficiscitur.
934 3668 1075 3728 Hoc
1126 3665 1293 3726 idem
1344 3664 1420 3723 fit
1468 3681 1543 3723 ex
1593 3660 1811 3722 castris
1861 3658 2155 3722 Caesaris.
2247 3658 2546 3735 Mittitur

402 3768 473 3829 L.
514 3765 816 3829 Decidius
846 3763 1007 3826 Saxa
1046 3781 1195 3823 cum
1231 3758 1471 3839 paucis,
1504 3757 1611 3838 qui
1658 3756 1782 3818 loci
1827 3760 2124 3819 naturam
2167 3756 2535 3838 perspiciat.
