2734 4167
844 227 1072 281 οοΜΜ.
1111 227 1231 279 ΠΙ.
1276 227 1440 280 CAP.
1479 225 1797 278 XLI—XL
1811 225 1869 278 V.
2416 230 2491 288 95

226 391 334 457 ille
362 393 659 489 maxime
669 393 839 473 apud
868 393 1110 455 exteras
1145 392 1438 454 nationes
1478 391 1600 452 niti
1641 388 1995 467 videbatur,
2031 389 2365 465 minueret,

52 546 73 563 f
88 564 93 575 .
108 542 133 575 .=
167 523 173 529 ⁴
200 468 377 550 'cum
403 465 617 550 fama
607 509 720 569 per
748 489 963 550 orbem
990 491 1304 551 terrarum
1331 488 1806 569 percrebuisset,
1835 488 2019 548 illum
2047 507 2085 549 a
2114 486 2372 550 Caesare

94 574 101 581 ’
228 585 500 648 obsideri
528 605 734 694 neque
777 586 1008 649 audere
1050 585 1290 665 proelio
1330 586 1650 647 dimicare.
1742 585 1978 646 XLIV.
2031 584 2372 664 Pompeius

226 702 433 762 neque
462 702 500 744 a
527 683 688 745 mari
717 682 1239 764 Dyrrhachioque
1269 682 1586 745 discedere
1615 682 1881 756 volebat,
1917 681 2089 761 quod
2119 699 2372 742 omnem

227 782 610 858 apparatum
655 778 825 854 belli,
858 779 1006 854 tela,
1041 798 1235 855 arma,
1270 781 1591 841 tormenta
1637 777 1728 839 ibi
1777 777 2191 839 collocaverat
2239 777 2372 836 fru-
2456 781 2491 837 5
2561 850 2570 858 ⁸

227 877 644 955 mentumque
666 874 973 937 exercitui
1000 875 1269 939 navibus
1291 874 1728 955 supportabat,
1756 893 1960 954 neque
1982 872 2373 935 munitiones

230 969 513 1032 Caesaris
566 970 898 1049 prohibere
953 973 1224 1051 poterat,
1287 970 1411 1035 nisi
1467 970 1707 1051 proelio
1763 971 2082 1033 decertare
2141 970 2372 1047 vellet3

228 1067 401 1147 quod
432 1086 524 1139 ,eo
551 1069 834 1147 ternpore
882 1070 1192 1129 statuerat
1235 1087 1370 1128 non
1402 1087 1530 1130 esse
1557 1066 1942 1129 faciendum.
2036 1065 2371 1146 Relinque-

226 1163 418 1225 batur
458 1166 535 1223 ut
580 1166 928 1226 extremam
975 1164 1290 1226 rationem
1329 1164 1480 1226 belli
1527 1183 1789 1244 sequens
1831 1182 2023 1244 quam
2067 1162 2373 1243 plurimos

117 1319 121 1323 .
227 1262 417 1323 colles
446 1264 783 1340 occuparet
825 1265 890 1323 et
933 1281 1124 1341 quam
1151 1261 1488 1325 latissimas
1529 1261 1813 1343 regiones
1840 1259 2170 1340 praesidiis
2198 1263 2372 1321 tene-
2414 1263 2489 1320 10

225 1361 345 1433 ret,
410 1357 818 1437 Caesarisque
874 1359 1087 1438 copias
1145 1379 1334 1440 quarn
1390 1359 1663 1420 maxime
1729 1362 1940 1437 posset
1995 1357 2371 1434 distineret3

223 1455 418 1535 idque
461 1454 751 1517 accidit.'
808 1453 1096 1517 Castellis
1137 1455 1309 1518 enim
1353 1472 1575 1517 xxnn
1620 1453 1860 1517 effectis
1891 1471 1985 1515 xv
2014 1453 2190 1517 milia
2232 1473 2506 1534 pas-s

224 1570 415 1613 suum
444 1550 719 1615 circuitu
748 1553 1096 1631 amplexus,
1130 1552 1252 1613 hoc
1295 1550 1502 1631 spatio
1530 1552 1996 1632 pabulabatur}
2044 1551 2371 1632 multaque

223 1652 409 1713 erant
436 1648 610 1711 intra
653 1669 800 1712 eum
828 1646 1040 1711 locum
1085 1668 1279 1710 manu
1325 1651 1479 1725 sata,
1515 1648 1748 1730 quibus
1793 1648 2055 1710 interim
2082 1650 2373 1729 jumenta

220 1749 528 1826 pasceret.
620 1744 833 1826 Atque
879 1749 954 1806 ut
998 1746 1197 1808 nostri
1215 1752 1223 1762 ’
1239 1749 1575 1827 perpetuas
1617 1744 2008 1807 munitiones
2053 1745 2373 1809 addebant
2415 1748 2490 1805 15

220 1842 564 1923 perductas
593 1860 670 1902 ex
699 1841 970 1904 castellis
1000 1842 1068 1903 in
1096 1841 1387 1922 proxima
1414 1842 1688 1917 castella,
1722 1861 1803 1904 ne
1832 1861 1958 1921 quo
1985 1842 2121 1902 loco
2164 1862 2371 1903 erum-

221 1941 452 2019 perent
503 1937 871 2019 Pompeiani
921 1958 995 2000 ac
1043 1942 1289 2000 nostros
1336 1941 1481 2019 post
1527 1941 1780 2020 tergum
1828 1938 2245 2013 adorirentur,
2281 1938 2373 2003 ita

221 2034 325 2099 illi
352 2033 652 2103 interiore
682 2034 886 2114 spatio
906 2038 1243 2115 perpetuas
1264 2034 1654 2096 munitiones
1683 2035 2055 2110 efficiebant,
2080 2055 2161 2097 ne
2184 2054 2370 2116 quem

223 2132 441 2195 locum
490 2130 691 2192 nostri
737 2131 975 2192 intrare
1021 2135 1208 2212 atque
1255 2131 1424 2211 ipsos
1453 2150 1490 2192 a
1517 2135 1696 2213 tergo
1742 2131 2195 2193 circumvenire
2232 2151 2371 2211 pos-

222 2230 389 2291 sent.
482 2226 606 2290 Sed
634 2226 730 2290 illi
762 2228 1054 2308 operibus
1081 2228 1444 2303 vincebant,
1480 2229 1649 2308 quod
1678 2232 1741 2291 et
1781 2248 2046 2289 numero
2088 2228 2371 2288 militurn
2414 2231 2492 2289 20

221 2325 633 2406 praestabant
662 2327 726 2387 et
756 2324 1056 2387 interiore
1085 2324 1289 2405 spatio
1319 2324 1633 2387 minorem
1662 2324 2003 2387 circuitum
2025 2325 2362 2386 habebant.

132 2420 402 2497 —Quae
432 2440 581 2482 cum
622 2423 802 2483 erant
843 2421 983 2484 loca
1014 2420 1262 2482 Caesari
1305 2420 1630 2500 capienda,
1666 2421 1783 2482 etsi
1825 2421 2155 2503 prohibere
2186 2420 2370 2481 Pom-

220 2499 609 2597 peius‘ffit‘i's
658 2517 854 2597 copiis
898 2521 961 2580 et
991 2491 1290 2581 dimicare
1331 2540 1463 2581 non
1513 2519 1949 2594 constituerat,
1983 2521 2199 2580 tamen
2241 2518 2371 2580 suis

219 2614 379 2679 locis
428 2613 789 2696 sagittarios
837 2614 1319 2696 funditoresque
1375 2616 1692 2691 mittebat,
1748 2632 2016 2696 quorum
2064 2626 2371 2696 magnum

219 2710 501 2775 habebat
527 2730 888 2786 numerum,
921 2711 1235 2792 multique
1265 2732 1341 2774 ex
1383 2712 1617 2774 nostris
1644 2712 2163 2786 vulnerabantur,
2197 2731 2369 2791 mag·
2412 2714 2490 2774 25

220 2826 473 2887 nusque
495 2806 834 2869 incesserat
862 2806 1057 2868 timor
1084 2807 1482 2889 sagittarum,
1512 2811 1699 2889 atque
1730 2827 1946 2869 omnes
1973 2808 2105 2870 fere
2134 2806 2369 2869 milites

221 2907 337 2967 aut
367 2923 445 2966 ex
473 2903 705 2965 coactis
749 2906 861 2965 aut
904 2923 980 2966 ex
1025 2904 1399 2966 centonibus
1448 2908 1560 2966 aut
1609 2925 1685 2967 ex
1734 2904 1919 2966 coriis
1966 2903 2218 2966 tunicas
2254 2907 2368 2965 aut

220 3000 576 3082 tegimenta
621 2990 924 3075 fecerant,
973 3000 1202 3080 quibus
1252 3001 1374 3064 tela
1420 3001 1715 3063 vitarent.
1805 2999 2006 3061 XLV.
2057 2999 2136 3060 In
2186 3019 2368 3069 occu-,-

219 3095 453 3177 pandis
497 3096 822 3176 praesidiis
879 3116 1112 3177 magna
1159 3097 1223 3159 vi
1272 3100 1538 3178 uterque
1587 3097 1948 3159 nitebatur:
1994 3095 2240 3173 Caesar,
2292 3099 2368 3157 ut
2449 3154 2454 3161 .

222 3212 419 3275 quam
474 3192 917 3273 angustissime
973 3192 1348 3272 Pompeium
1404 3193 1804 3271 contineret3
1870 3192 2228 3272 Pompeius,
2291 3194 2368 3254 ut
2412 3194 2489 3253 30

222 3310 419 3371 quam
446 3289 754 3369 plurimos
783 3290 970 3352 colles
1000 3309 1193 3370 quam
1221 3278 1498 3352 maximo
1528 3290 1801 3353 circuitu
1831 3293 2164 3371 occuparet
2188 3312 2205 3368 3
2240 3308 2367 3351 cre-

221 3388 462 3468 braque
504 3387 585 3447 ob
613 3406 752 3448 earn
802 3406 1054 3450 causam
1103 3386 1341 3466 proelia
1389 3388 1643 3451 fichant.
1733 3386 1812 3447 In
1859 3386 1962 3448 his
2008 3406 2156 3448 cum
2203 3385 2368 3465 legio

225 3481 508 3544 Caesaris
550 3502 723 3543 nona
759 3482 1151 3562 praesidium
1179 3483 1498 3563 quoddam
1529 3482 1956 3573 occupavisset
2006 3485 2069 3545 et
2117 3480 2369 3544 munire

224 3579 549 3659 coepisset,
583 3578 739 3640 huic
765 3579 907 3641 loco
937 3579 1371 3660 propinquum
1414 3583 1480 3643 et
1508 3578 1899 3642 contrarium
1928 3579 2153 3641 collem
2182 3577 2369 3638 Pom-

222 3675 404 3756 peius
451 3674 786 3755 occupavit
831 3679 1202 3756 nostrosque
1248 3696 1430 3757 opere
1474 3676 1805 3758 prohibere
1850 3676 2078 3755 coepit,
2114 3678 2177 3737 et
2223 3693 2370 3735 cum
2412 3674 2489 3734 35

223 3792 357 3835 una
384 3792 461 3835 ex
485 3774 671 3854 parte
698 3791 895 3853 prope
925 3793 1199 3855 aequum
1226 3773 1478 3835 aditum
1498 3773 1779 3848 haberet,
1805 3771 2085 3852 primum
2113 3768 2370 3848 sagitta-
