2734 4167
813 212 1040 265 COMM.
1072 214 1128 266 I.
1184 213 1349 265 OAP.
1391 214 1710 268 IX—XIV.

157 376 386 456 cognito
435 378 682 437 diffisus
731 375 1071 455 municipii
1117 377 1438 439 voluntati
1498 377 1812 437 Thermus
1856 378 2143 438 cohortes
2191 397 2267 438 ex

153 473 286 533 urbe
313 473 567 535 reducit
597 476 662 535 et
689 470 994 552 profugit.
1089 472 1328 533 Milites
1355 472 1427 532 in
1455 473 1683 533 itinere
1722 474 1799 533 ab
1828 493 1901 533 eo
1931 473 2266 533 discedunt

153 588 212 628 ac
248 570 510 629 domum
551 570 978 630 revertuntur.
1074 567 1266 627 Curio
1307 588 1557 629 summa
1602 569 1892 628 omnium
1937 570 2265 630 voluntate

151 664 434 745 Iguvium
482 665 732 744 recipit.
826 663 1069 738 Quibus
1118 665 1303 725 rebus
1350 665 1622 745 cognitis
1672 666 1943 741 confisus
1993 665 2266 725 munici-

145 762 386 840 piorum
426 762 868 823 voluntatibus
910 759 1134 821 Caesar
1177 760 1464 821 cohortes
1507 760 1774 841 legionis
1804 777 1942 820 XIII
1973 782 2047 822 ex
2091 782 2266 841 prae-

143 859 305 920 sidiis
358 858 623 921 deducit
673 857 1151 938 Auximumque
1208 858 1674 939 proficiscitur3
1730 857 1900 939 quod
1957 857 2265 937 oppidum

140 953 352 1015 Attius
427 955 794 1017 cohortibus
865 954 1249 1015 introductis
1305 956 1565 1035 tenebat
1636 955 2075 1034 delectumque
2131 958 2267 1015 toto

139 1049 366 1113 Piceno
413 1051 866 1113 circummissis
912 1052 1308 1113 senatoribus
1341 1051 1632 1114 habebat.
1726 1051 1913 1112 XIII.
1934 1072 1941 1081 ·
1964 1051 2267 1112 Adventu

140 1146 416 1211 Caesaris
459 1148 716 1229 cognito
748 1148 1118 1211 decuriones
1160 1147 1429 1209 Auximi
1473 1150 1555 1209 ad
1584 1147 1843 1208 Attium
1872 1149 2117 1209 Varum
2144 1150 2268 1209 fro-

139 1247 394 1324 quentes
425 1244 819 1307 conveniunt
841 1266 858 1321 3
894 1244 1126 1305 docent
1155 1244 1254 1307 sui
1281 1245 1512 1326 judicii
1540 1266 1676 1305 rem
1704 1264 1835 1305 non
1864 1265 1990 1305 esse
2016 1266 2032 1321 3
2067 1266 2271 1325 neque

139 1361 198 1401 se
226 1361 430 1421 neque
459 1341 734 1420 reliquos
775 1340 1132 1420 municipes
1164 1342 1299 1422 pati
1328 1362 1507 1422 posse
1540 1342 1608 1403 C.
1650 1341 1973 1401 Caesarem
2003 1341 2269 1421 imperae

137 1440 356 1513 torem,
417 1438 580 1499 bene
636 1438 714 1498 de
782 1438 1108 1517 republica
1175 1438 1500 1514 meritum,
1561 1438 1757 1497 tantis
1814 1438 1997 1498 rebus
2053 1437 2263 1517 gestis,

140 1534 370 1613 oppido
425 1534 884 1614 moenibusque
937 1524 1301 1615 prohiberi⁷3
1359 1535 1627 1615 proinde
1686 1534 1913 1594 habeat
1959 1534 2269 1594 rationem

141 1630 528 1708 posteritatis
584 1633 647 1691 et
701 1630 967 1710 periculi
1029 1630 1144 1692 sui.
1262 1617 1547 1705 Quorum
1611 1630 1891 1690 oratione
1948 1632 2269 1709 permotus

141 1726 342 1787 Varus
391 1726 784 1807 praesidium
835 1728 1003 1807 quod
1045 1726 1489 1787 introduxerat
1539 1748 1615 1787 ex
1660 1726 1893 1805 oppido
1938 1726 2152 1787 educit
2199 1746 2268 1787 ac

141 1822 444 1904 profugit.
539 1822 734 1883 Hunc
781 1842 854 1883 ex
883 1822 1092 1902 primo
1122 1822 1340 1883 ordine
1386 1816 1574 1902 pauci
1623 1822 1901 1883 Caesaris
1950 1822 2267 1883 consecuti

142 1919 372 1981 milites
402 1918 744 1980 consistere
774 1922 1133 1999 coegerunt.
1199 1907 1577 1979 'Commisso
1613 1918 1851 1998 proelio
1883 1919 2193 1979 deseritur
2234 1939 2270 1977 a

145 2016 260 2076 suis
291 2016 546 2091 Varus3
588 2016 899 2075 nonnulla
927 2034 1070 2093 pars
1099 2016 1384 2075 militum
1407 2016 1671 2075 domum
1704 2015 1972 2075 discedit
1997 2037 2012 2091 3
2043 2014 2267 2094 reliqui

146 2113 209 2171 ad
261 2111 588 2172 Caesarem
643 2110 1044 2189 perveniunt,
1093 2114 1282 2191 atque
1331 2132 1460 2171 una
1506 2132 1651 2171 cum
1698 2111 1775 2170 iis
1823 2112 2160 2190 deprensus
2190 2111 2261 2171 L.

149 2207 404 2287 Pupius,
456 2206 650 2287 primi
700 2206 816 2287 pili
862 2207 1170 2282 centurie,
1219 2208 1579 2283 adducitur,
1628 2208 1737 2289 qui
1784 2208 1955 2268 hune
2002 2210 2273 2268 eundem

150 2305 428 2365 ordinem
457 2302 526 2363 in
557 2298 834 2364 exercitu
869 2303 985 2364 Cn.
1025 2304 1310 2382 Pompeii
1340 2308 1527 2365 antea
1556 2306 1837 2365 duxerat.
1931 2304 2019 2363 At-
2052 2303 2273 2364 Caesar

151 2401 374 2463 milites
425 2399 726 2461 Attianos
769 2400 1104 2475 collaudat,
1159 2400 1440 2479 Pupium
1488 2400 1781 2476 dimittit,
1824 2400 2271 2460 Auximatibus

155 2499 272 2578 agit
325 2498 565 2579 gratias
623 2510 806 2578 seque
863 2519 1081 2560 eorum
1129 2498 1285 2559 facti
1335 2518 1681 2560 memorem
1730 2498 1863 2559 fore
1913 2497 2271 2577 pollicetur.-

157 2594 318 2657 XIV.
373 2593 620 2669 Quibus
663 2595 847 2655 rebus
879 2596 1146 2656 Romam
1179 2595 1496 2656 nuntiatis
1526 2598 1743 2655 tantus
1786 2598 2045 2673 repente
2074 2596 2274 2654 terror

157 2690 390 2767 invasit,
443 2694 536 2765 ut,
574 2711 722 2751 cum
772 2691 1086 2752 Lentulus
1133 2691 1352 2753 consul
1400 2692 1481 2751 ad
1510 2691 1919 2770 aperiendum
1962 2688 2271 2751 aerarium

157 2788 412 2849 venisset
441 2788 521 2847 ad
550 2786 889 2867 pecuniam
925 2788 1226 2867 Pompeio
1258 2808 1334 2849 ex
1378 2788 1923 2849 senatusconsulto
1952 2786 2272 2865 proferen-

159 2884 310 2959 dam,
341 2883 635 2964 protinus
681 2886 896 2961 aperto
944 2884 1252 2946 sanctiore
1297 2884 1535 2946 aerario
1582 2905 1657 2945 ex
1698 2884 1851 2943 urbe
1880 2883 2263 2962 profugeret.

163 2980 368 3041 Caesar
411 2979 584 3043 enim
629 2980 968 3043 adventare
1016 2982 1148 3061 jam
1194 2983 1451 3062 jamque
1498 2984 1561 3042 et
1606 2981 1816 3041 adesse
1852 2979 1988 3058 ojus
2033 2979 2272 3058 equites

163 3074 302 3139 falso
355 3076 841 3138 nuntiabantur.
935 3078 1129 3140 Hunc
1189 3080 1526 3140 Marcellus
1584 3079 1821 3157 collega
1878 3079 1941 3136 et
1990 3076 2270 3155 plerique

2310 217 2387 277 17

2314 1249 2389 1305 10

2314 1729 2389 1785 15

2316 2212 2392 2267 20

2316 2692 2392 2747 25

2298 2872 2307 2875 -
2336 2873 2342 2880 ι

2313 2940 2326 2948 ¹·
2378 2942 2387 2952 ο

165 3172 549 3253 magistratus
593 3173 917 3233 consecuti
949 3178 1118 3235 sunt.
1214 3175 1328 3235 Cn.
1370 3174 1712 3253 Pompeius
1742 3172 1945 3252 pridie
1976 3172 2111 3251 ejus
2148 3173 2270 3233 diei
2316 3177 2393 3233 30

168 3284 229 3327 ex
271 3269 414 3330 urbe
458 3270 784 3349 profectus
829 3272 954 3331 iter
999 3272 1080 3331 ad
1122 3271 1399 3351 legiones
1428 3271 1720 3344 habebat,
1756 3288 1907 3349 quas
1950 3289 1987 3328 a
2017 3269 2271 3329 Caesare

169 3368 426 3444 acceptas
454 3365 524 3426 in
554 3364 794 3445 Apulia
814 3366 1226 3427 hibernorum
1257 3387 1445 3427 causa
1474 3366 1883 3445 disposuerat.
1977 3364 2273 3425 Deleetus

169 3462 314 3522 circa
339 3463 557 3525 urbem
585 3457 1145 3539 internuttun‘tur3
1190 3463 1355 3523 nihil
1388 3463 1553 3523 eitra
1580 3458 1865 3541 Capuam
1892 3464 2111 3521 tutum
2146 3482 2273 3522 0550
2314 3456 2319 3465 ’
2368 3457 2378 3465 ’

170 3560 436 3619 omnibus
465 3559 737 3619 videtur.
833 3560 1082 3638 Capuae
1111 3559 1394 3637 primum
1424 3578 1551 3619 sese
1584 3558 1961 3617 confirmant
2005 3560 2068 3616 ct
2104 3559 2273 3616 colli-

2305 3538 2323 3567 (,
2404 3547 2413 3567 ι

167 3660 310 3735 gunt
331 3656 771 3735 delectumque
795 3656 1184 3727 colonorum,
1214 3655 1321 3733 qui
1351 3655 1489 3733 lege
1509 3652 1555 3713 J
1558 3653 1689 3713 ulia
1712 3653 1994 3731 Capuam
2018 3654 2273 3713 deducti
2316 3657 2391 3713 35

167 3756 345 3826 erant,
371 3752 602 3813 habere
645 3751 1040 3826 instituunt3
1083 3750 1606 3829 gladiatoresque,
1636 3767 1790 3824 quos
1832 3745 1920 3803 ibi
1953 3746 2177 3804 Caesar
2204 3746 2272 3802 in

546 3846 580 3896 2

2414 1130 2461 1169 Α
