2734 4167
265 212 348 274 84
1048 208 1162 261 DE
1197 205 1450 260 BELLO
1497 206 1579 260 01
1582 207 1671 260 VI
1665 205 1753 260 LI

381 373 650 435 cultates
695 371 1105 434 auctionandi
1153 390 1499 450 proponere
1542 371 1733 433 etiam
1774 371 2103 445 mediocris
2142 375 2239 434 est
2263 372 2460 436 animi
2488 396 2507 454 ς

268 475 270 477 ’
379 469 658 550 integras
705 488 852 531 vero
900 472 1112 530 tenere
1160 466 1571 548 possessiones
1616 467 1725 548 qui
1780 487 1843 530 se
1892 469 2113 530 debere
2159 469 2501 546 fateantur,

380 568 486 649 cuj
494 587 568 628 us
615 565 814 627 animi
863 569 976 627 aut
1023 566 1212 646 cujus
1253 565 1692 644 impudentiae
1740 565 1885 627 est?
1966 565 2188 646 Itaque
2231 567 2353 629 hoc
2397 567 2506 649 qui

377 663 727 743 postularet
755 661 1184 742 reperiebatur
1207 680 1414 723 nemo,
1504 660 1718 742 Atque
1744 660 1897 742 ipsis
1924 661 2006 722 ad
2033 682 2303 742 quorum
2340 683 2508 725 com-

299 765 336 822 5
379 761 642 822 modum
689 759 1048 840 pertinebat
1087 759 1306 822 durior
1353 759 1651 821 inventus
1698 761 1793 820 est
1842 757 2093 820 Coelius
2134 762 2217 835 et,
2260 761 2339 821 ab
2385 760 2508 822 hoc

375 857 700 938 profectus
727 855 934 932 initio,
967 877 1048 918 ne
1089 856 1329 917 frustra
1370 855 1685 936 ingressus
1713 857 1966 934 turpem
1994 874 2245 916 causam
2270 855 2508 917 videre-

375 958 505 1030 tur,
539 957 744 1036 legem
785 953 1234 1036 promulgavit,
1269 956 1345 1014 ut
1389 953 1645 1014 sexenni
1674 952 1775 1014 die
1818 951 1950 1014 sine
1990 952 2195 1014 usuris
2236 953 2509 1016 creditae

376 1051 680 1132 pecuniae
723 1051 1064 1112 solvantur.
1155 1049 1339 1112 XXI.
1392 1049 1558 1111 Cum
1600 1049 1913 1142 regist-gret
1952 1047 2248 1111 Servilius
2289 1051 2510 1112 consul

377 1147 729 1228 reliquique
777 1147 1201 1229 magistratUS,
1235 1149 1300 1208 et
1348 1145 1561 1208 minus
1598 1145 1903 1230 ‘opinione
1949 1165 2062 1207 sua
2104 1146 2393 1224 efficeret,
2426 1147 2509 1208 ad

259 1249 336 1306 10
376 1245 715 1308 hominum
757 1244 1091 1315 excitanda
1117 1242 1330 1312 studia
1357 1243 1606 1317 sublata
1644 1241 1849 1322 priore
1876 1237 2195 1324 legeduas
2229 1242 2509 1322 promul·
2582 1309 2587 1314 ,

376 1342 598 1426 gavit5
647 1362 845 1403 unam
893 1361 1018 1422 qua
1065 1341 1381 1402 mercedes
1404 1337 1899 1422 ,habitationum
1946 1340 2201 1402 annuas
2234 1341 2508 1401 conduc·

375 1439 624 1500 toribus
693 1437 973 1512 donavit,
1049 1436 1238 1498 aliam
1307 1435 1671 1496 tabularum
1738 1454 2066 1512 novarum,
2140 1437 2511 1516 impetuque

377 1533 815 1595 multitudinis
855 1533 926 1593 in
955 1531 1026 1594 C.
1065 1530 1457 1593 Trebonium
1496 1530 1667 1590 facto
1708 1532 1773 1592 et
1801 1529 2125 1592 nonnullis
2164 1523 2511 1592 vulneratis

377 1650 526 1693 eum
577 1632 655 1693 de
703 1629 1010 1692 tribunali
1065 1627 1446 1706 deturbavit.
1538 1625 1637 1688 De
1692 1626 1921 1708 quibus
1976 1629 2161 1689 rebus
2210 1627 2511 1690 Servilius

259 1730 334 1790 15
379 1727 597 1788 consul
627 1727 708 1788 ad
724 1728 1026 1788 senatum
1066 1725 1309 1807 retulit,
1345 1725 1722 1804 senatusque
1753 1723 2041 1785 Coelium
2082 1725 2159 1786 ab
2187 1723 2511 1804 republica

376 1824 830 1886 removendum
859 1821 1122 1885 censuit.
1215 1820 1357 1882 Hoc
1386 1821 1637 1882 decreto
1666 1840 1812 1881 eum
1850 1821 2070 1882 consul
2115 1823 2338 1882 senatu
2364 1841 2509 1901 pro-
2570 1831 2575 1834 '

376 1919 590 1980 hibuit
619 1921 684 1982 et
711 1917 1063 1980 contionari
1093 1920 1430 1980 conantem
1458 1917 1537 1978 (10
1564 1916 1781 1978 rostris
1810 1917 2093 2002 deduxit.
2186 1917 2300 1979 Ille
2328 1917 2507 2000 igno-

379 2015 578 2080 minia
627 2017 692 2077 et
738 2015 952 2076 dolore
999 2017 1322 2094 permotus
1350 2013 1562 2093 palam
1602 2031 1665 2074 se
1708 2011 2021 2092 proficisci
2066 2013 2147 2074 ad
2184 2012 2513 2076 Caesarem

379 2110 702 2174 simulavit
730 2133 748 2189 3
809 2111 971 2173 clam
1035 2111 1284 2172 nuntiis
1345 2111 1427 2171 ad
1476 2109 1781 2172 Milonem
1836 2109 2060 2186 missis,
2122 2109 2230 2190 qui
2289 2110 2511 2173 Clodio

257 2213 336 2271 20
375 2208 712 2270 interfecto
761 2227 834 2270 00
881 2207 1138 2270 nomine
1185 2210 1320 2269 erat
1369 2207 1726 2282 damnatuS,
1780 2208 2003 2286 atque2
2018 2225 2090 2268 eo
2138 2206 2207 2266 in
2258 2207 2511 2269 Italiam

375 2307 650 2380 evocat0,
686 2304 856 2384 quod
897 2303 1144 2385 magnis
1184 2301 1555 2363 muneribus
1583 2301 1748 2362 datis
1789 2301 2195 2382 gladiatoriae
2232 2303 2511 2366 familiae

375 2400 672 2481 reliquias
699 2399 991 2475 habebat,
1027 2399 1145 2461 sibi
1174 2397 1515 2480 conjunxit
1542 2401 1733 2479 atque
1760 2417 1906 2460 eum
1935 2397 2005 2458 in
2036 2398 2399 2460 Thurinum
2428 2401 2513 2462 ad

377 2497 804 2558 sollicitandos
831 2500 1108 2576 pastores
1134 2493 1480 2576 praemisit.
1571 2493 1713 2574 Ipse
1741 2513 1911 2576 Q
1920 2485 2272 2555 Casilinum
2306 2496 2511 2558 venis-

377 2599 491 2668 set,
525 2613 778 2674 unoque
807 2596 1088 2672 tempore
1117 2592 1297 2672 signa
1319 2591 1479 2672 ‘ejus
1508 2589 1809 2652 militaria
1836 2593 2024 2671 atque
2052 2577 2227 2652 arma
2256 2591 2511 2672 Capuae

256 2691 334 2750 25
375 2692 581 2750 essent
609 2708 976 2769 comprensa
1002 2692 1067 2751 et
1093 2687 1340 2749 familia
1367 2687 1635 2767 Neapoli
1663 2685 1870 2772 missa,
1899 2706 2056 2767 quae
2084 2687 2513 2767 proditionem

377 2784 594 2864 oppidi
623 2788 974 2864 appararet,
1007 2783 1342 2864 patefactis
1387 2781 1661 2844 consiliis
1690 2784 1979 2844 exclusus
2011 2782 2227 2864 Capua
2254 2787 2319 2847 et
2346 2786 2512 2866 peri-

377 2881 595 2940 culum
649 2880 907 2956 veritus»,
963 2882 1134 2968 quod
1182 2883 1532 2942 conventus
1587 2899 1763 2942 arma
1816 2883 2065 2960 ceperat
2114 2885 2305 2962 atque
2360 2902 2513 2944 eum

376 2974 574 3036 hostis
602 2976 738 3037 loco
767 2976 1132 3038 habendum
1174 2975 1597 3052 existimabat,
1631 2975 1890 3038 consilio
1918 2975 2165 3038 destitit
2206 2983 2395 3059 atque
2434 2999 2510 3042 00

376 3071 601 3135 itinere
651 3093 778 3136 sese
823 3074 1068 3136 avertit.
1160 3073 1380 3136 XXI-1.
1431 3072 1699 3135 Interim
1748 3070 1905 3132 Milo
1924 3060 2218 3152 „dimissis
2266 3075 2513 3138 circum

256 3171 336 3230 30
377 3169 728 3249 municipia
757 3169 1007 3246 litteris,
1043 3189 1116 3232 ea
1143 3191 1301 3250 quae
1329 3170 1567 3232 faceret
1596 3170 1775 3250 jussu
1806 3171 1993 3249 atque
2016 3169 2281 3250 imperio
2301 3173 2517 3235 facere
2544 3158 2551 3164 ’

379 3265 684 3345 Pompeii,
721 3286 878 3346 quae
928 3267 1229 3328 mandata
1269 3266 1350 3327 ad
1401 3285 1463 3327 se
1490 3285 1604 3346 per
1630 3265 1992 3327 Vibullium
2020 3266 2229 3328 delata
2276 3272 2505 3344 essent,

377 3381 532 3442 quos
561 3383 637 3424 ex
665 3382 804 3424 aere
833 3362 1035 3424 alieno
1065 3363 1342 3424 laborare
1374 3361 1799 3423 arbitrabatur
1826 3361 2221 3426 sollieitabat.
2312 3363 2511 3444 Apud

377 3477 532 3536 quos
562 3477 708 3518 cum
735 3459 1034 3538 proficere
1062 3457 1226 3518 nihil
1255 3460 1483 3542 pos-set,
1520 3457 1899 3538 quibusdam
1926 3458 2149 3520 solutis
2178 3461 2509 3541 ergastulis

379 3551 604 3614 Cosam
647 3553 718 3614 in
765 3575 913 3636 agro
943 3555 1235 3616 Thurino
1273 3549 1653 3637 ¹'oppugnare
1702 3553 1928 3634 coepit.
2024 3554 2120 3617 Eo
2160 3575 2317 3620 cum
2360 3577 2399 3618 a
2426 3557 2501 3634 Q.

257 3651 335 3709 35
379 3648 574 3710 Pedio
619 3654 904 3730 praetore
955 3671 1102 3712 cum
1150 3651 1395 3732 legione
1479 3695 1927 3726 .....
1959 3650 2169 3730 lapide
2223 3651 2388 3715 ictus
2430 3675 2511 3718 ex

377 3763 558 3806 muro
599 3746 816 3833 pgr—iit..
897 3747 986 3808 Et
1015 3746 1263 3809 Coelius
1299 3746 1645 3826 profectuS,
1678 3749 1756 3808 ut
1783 3745 2140 3824 dictitabat,
2174 3749 2255 3810 ad
2286 3748 2511 3812 Caesa-
