2734 4167
877 199 1105 252 COMM.
1147 200 1225 251 II.
1278 199 1445 251 OAP.
1485 199 1868 255 XL—XLIV.
2422 203 2496 264 73

234 365 366 439 tur,
414 363 653 443 partim
694 362 925 444 integri
973 364 1419 445 procumbunt.
1511 363 1825 425 Hortatur
1868 359 2214 425 Curionem*
2254 362 2368 425 Cn.

238 457 588 534 Domitius,
622 459 976 538 praefectus
1004 461 1313 539 equitum,
1348 479 1496 520 cum
1523 459 1739 539 paucis
1769 459 2085 539 equitibus
2113 459 2380 520 circum-

238 554 487 630 sistens,
521 558 598 615 ut
624 556 782 635 fuga
821 556 1091 617 salutem
1130 558 1308 636 petat
1356 559 1545 635 atque
1586 554 1656 615 in
1690 560 1890 617 castra
1917 556 2280 631 contendat,
2315 558 2380 618 et

238 670 302 716 30
325 651 407 711 ab
436 670 511 712 eo
538 671 669 712 non
697 651 1118 714 discessurum
1144 653 1497 734 pollicetur.
1588 651 1680 714 At
1711 651 1902 714 Curio
1935 672 2286 734 numquam
2314 673 2376 715 se

238 746 467 808 amisso
518 737 797 810 exercitu
839 768 1030 828 quem
1057 769 1095 810 a
1124 748 1384 810 Caesare
1419 747 1568 810 fidei
1618 748 2020 810 commissum
2069 750 2379 829 acceperit
2463 756 2499 811 5

237 843 308 904 in
337 845 480 925 ejus
507 848 916 925 conspectum
943 837 1341 908 reversurum
1367 844 1721 920 confirmat,
1744 849 1934 925 atque
1956 846 2048 907 ita
2067 845 2380 927 proelians

237 940 641 1003 interficitur.
733 942 1000 1052 Equites
1043 963 1121 1005 ex
1163 942 1401 1023 proelio
1429 941 1727 1021 perpauci
1756 961 1820 1004 se
1865 942 2222 1023 recipiunt,
2206 964 2221 979 ·
2271 942 2380 1004 sed

237 1037 285 1098 11
312 1058 472 1118 (11103
499 1040 581 1101 ad
607 1040 1020 1102 novissimum
1061 1059 1288 1121 agmen
1316 1057 1622 1118 equorum
1664 1038 2147 1102 reficiendorum
2194 1058 2379 1101 causa

238 1135 590 1198 substitisse
640 1137 1144 1198 demonstratum
1192 1138 1306 1210 est,
1352 1135 1511 1215 fuga
1556 1134 1754 1196 totius
1803 1135 2113 1197 exercitus
2158 1135 2406 1216 procul'

237 1232 675 1294 animadversa
701 1253 832 1296 sese
861 1234 1208 1295 incolumes
1248 1233 1319 1293 in
1354 1234 1558 1293 castra
1584 1232 1942 1294 conferunt.
2033 1232 2271 1294 Milites
2298 1233 2380 1294 ad
2422 1236 2500 1294 10

235 1349 444 1390 unum
501 1349 719 1392 omnes
772 1330 1265 1394 interficiuntur.
1391 1330 1638 1392 XLIII.
1697 1330 1817 1392 His
1870 1332 2056 1393 rebus
2110 1330 2380 1411 cognitis

239 1426 518 1489 Marcius
560 1427 770 1490 Rufus
797 1432 1089 1509 quaestor
1127 1428 1196 1490 in
1224 1429 1444 1491 castris
1483 1430 1739 1492 relictus
1779 1448 1816 1490 a
1860 1411 2132 1490 Curione
2161 1428 2380 1490 001101-

236 1526 416 1587 tatur
442 1543 585 1585 suos
612 1544 694 1586 ne
722 1524 935 1585 animo
963 1524 1280 1587 deficiant.
1372 1525 1478 1586 Illi
1508 1528 1691 1586 orant
1718 1528 1907 1605 atque
1948 1525 2277 1586 obsecrant
2302 1527 2378 1585 ut

237 1620 309 1681 in
365 1619 646 1682 Siciliam
700 1621 966 1682 navibus
1020 1623 1440 1701 reportentur.
1544 1620 1889 1683 Pollicetur
1941 1620 2378 1702 magistrisque

236 1717 511 1798 imperat
558 1717 820 1780 navium
866 1720 943 1779 ut
989 1718 1195 1797 primo
1239 1738 1492 1799 vespere
1541 1739 1758 1781 omnes
1801 1718 2062 1798 scaphas
2104 1718 2185 1779 ad
2223 1718 2379 1780 litus
2423 1721 2526 1780 15·

237 1814 531 1895 appulsas
577 1813 870 1876 habeant.
963 1814 1087 1877 Sed
1134 1817 1352 1877 tantus
1393 1816 1523 1877 suit
1571 1815 1857 1876 omnium
1898 1817 2120 1891 terror,
2154 1817 2230 1876 ut
2270 1814 2379 1876 alii

238 1912 451 1972 adesse
500 1910 711 1990 copias
757 1910 964 1973 Jubae
1013 1911 1318 1993 dicerent,
1375 1912 1483 1973 alii
1541 1932 1689 1974 cum
1735 1911 2090 1993 legionibus
2142 1910 2377 1973 instare

235 2007 485 2069 Varum
531 2007 788 2089 jamque
837 2026 900 2069 se
948 2008 1276 2087 pulverem
1325 2008 1720 2070 venientium
1775 2027 2027 2070 cernere
2081 2007 2377 2088 (quarum

235 2123 451 2166 rerum
478 2103 643 2165 nihil
671 2104 932 2164 omnino
959 2103 1324 2184 acciderat),
1358 2104 1468 2165 alii
1497 2105 1755 2167 classem
1783 2103 2064 2165 hostium
2092 2103 2379 2165 celeriter

237 2201 673 2263 advolaturam
719 2200 1204 2280 suspicarentur.
1297 2201 1522 2281 Itaque
1549 2200 1900 2281 perterritis
1939 2200 2232 2261 omnibus
2259 2199 2378 2261 sibi
2420 2203 2498 2262 20

238 2297 502 2378 quisque
549 2298 931 2359 consulebat.
1024 2295 1146 2371 Qui
1193 2296 1261 2356 111
1306 2298 1497 2359 classe
1543 2300 1722 2359 erant
1749 2296 2058 2378 proficisci
2085 2315 2379 2377 propera-

235 2393 409 2456 bant.
471 2393 722 2454 Horum
742 2394 905 2475 fuga
927 2393 1188 2454 navium
1217 2393 1646 2455 onerariarum
1674 2394 2004 2474 magistros
2032 2392 2377 2470 incitabat3

145 2561 152 2570 ,
235 2490 422 2571 pauci
451 2489 783 2552 lenunculi
811 2490 894 2551 ad
915 2490 1192 2551 officium
1221 2489 1684 2570 imperiumque
1714 2489 2186 2552 conveniebant.
2252 2488 2377 2551 Sed

234 2590 417 2649 tanta
461 2588 597 2649 erat
640 2586 969 2667 completis
1017 2585 1308 2648 litoribus
1356 2585 1679 2648 contentio
1709 2585 1816 2667 qui
1858 2585 2257 2665 potissimum
2300 2605 2376 2647 ex

234 2703 466 2765 magno
512 2702 776 2745 numero
825 2683 1337 2757 conscenderent,
1372 2684 1448 2743 ut
1494 2682 1909 2743 multitudine
1958 2684 2145 2762 atque
2188 2701 2374 2744 onere
2416 2685 2495 2745 25

233 2778 531 2842 nonnulli
582 2779 1108 2860 deprimerentur,
1163 2778 1391 2860 reliqui
1440 2780 1560 2842 1100
1614 2779 1840 2842 timore
1889 2778 2147 2859 propius
2201 2779 2374 2841 adire

232 2878 658 2939 tardarentur.
750 2861 989 2938 XLIV.
1042 2875 1285 2951 Quibus
1313 2877 1499 2938 rebus
1540 2877 1790 2952 accidit,
1824 2878 1899 2937 ut
1925 2875 2110 2956 pauci
2140 2875 2375 2939 milites

232 2976 568 3053 patresque
595 2972 897 3048 familiae,
932 2971 1041 3053 qui
1090 2975 1202 3034 aut
1230 2973 1436 3054 gratia
1478 2977 1589 3035 aut
1634 2973 2066 3036 misericordia
2093 2973 2375 3044 valerent

232 3072 345 3132 aut
372 3088 563 3131 naves
592 3069 823 3131 adnare
851 3070 1125 3149 possent,
1159 3070 1397 3149 recepti
1425 3069 1494 3130 in
1524 3070 1804 3132 Siciliam
1848 3069 2193 3131 incolumes
2233 3088 2375 3149 per-

228 3165 542 3229 venirent.
628 3165 928 3246 Reliquae
957 3166 1174 3247 copiae
1200 3166 1404 3229 missis
1432 3168 1510 3228 ad
1532 3167 1776 3229 Varum
1804 3169 1998 3228 noctu
2019 3167 2372 3247 legatorum
2415 3169 2493 3228 30

232 3283 500 3325 1111111010
529 3263 1006 3325 centurionibus
1049 3283 1178 3326 sese
1229 3264 1287 3325 ei
1336 3265 1735 3325 dediderunt.
1829 3262 2110 3337 Quarum
2156 3263 2373 3324 cohor-

233 3360 400 3421 tium
447 3358 685 3421 milites
734 3361 983 3439 postero
1031 3358 1135 3420 die
1183 3362 1330 3421 ante
1378 3361 1685 3439 oppidum
1729 3358 1776 3420 J
1778 3359 1904 3419 uba
1951 3357 2366 3437 conspicatus,
2465 3376 2473 3382 ·

231 3475 410 3518 suam
461 3474 592 3517 esse
637 3454 1004 3535 praedicans
1030 3456 1350 3535 praedam,
1386 3474 1681 3536 magnam
1725 3457 1972 3535 partem
2017 3473 2235 3515 eorum
2277 3452 2372 3514 in-

229 3552 434 3614 terfici
483 3550 694 3634 jussit,
728 3571 960 3631 paucos
1003 3551 1231 3613 electos
1271 3552 1339 3612 in
1383 3571 1653 3634 regnum
1694 3551 1956 3625 remisit,
1991 3568 2138 3610 cum
2166 3550 2373 3612 Varus

228 3668 407 3712 suam
436 3648 635 3710 fidem
683 3647 761 3709 ab
803 3667 876 3709 eo
902 3647 1068 3709 laedi
1097 3651 1465 3728 quereretur
1507 3665 1712 3727 neque
1756 3646 2040 3707 resistere
2085 3645 2363 3706 auderet.
2416 3643 2493 3703 35

228 3746 371 3829 Ipse
421 3765 589 3828 equo
639 3743 708 3805 in
757 3743 1065 3824 oppidum
1112 3745 1328 3806 vectus
1376 3740 1899 3824 prosequentibus
1945 3739 2374 3821 compluribus
