2734 4167
229 230 307 289 32
1004 228 1122 279 DE
1157 228 1410 281 BELLO
1457 230 1711 285 omns

345 391 614 467 marent,
658 410 804 453 cum
847 388 1172 453 Lusitanis
1211 391 1591 473 reliquisque
1631 392 1912 455 barbaris
1950 392 2216 456 barbaro
2258 414 2482 476 genere

346 489 621 567 quodam
656 508 906 569 pugnae
947 489 1321 566 assuefacti3
1363 491 1534 570 quod
1563 491 1694 552 fere
1722 491 1818 566 fit,
1852 489 2081 571 quibus
2108 491 2374 572 quisque
2416 492 2481 553 in

345 584 498 646 locis
538 585 718 647 miles
758 585 1221 660 inveteraverit,
1264 588 1340 646 ut
1383 588 1663 648 multum
1705 607 1921 649 earum
1962 586 2294 668 regionum
2338 609 2482 651 con-

347 681 681 743 suetudine
729 685 1073 745 moveatur.
1166 682 1343 743 Haec
1394 684 1538 742 tum
1585 683 1748 744 ratio
1798 686 2043 745 nostros
2085 684 2484 763 perturbavit

267 779 304 837 5
347 776 628 840 insuetos
683 778 880 859 hujus
934 777 1180 859 generis
1238 797 1529 858 pugna03
1599 779 1919 840 circumiri
1990 780 2160 842 enim
2217 801 2350 843 sese
2409 782 2484 842 ab

348 877 565 953 aperto
619 874 814 937 latere
869 873 1388 954 procurrentibus
1456 874 1722 956 singulis
1790 876 2305 954 arbitrabantur3
2364 875 2481 956 ipsi

347 973 562 1032 autem
603 990 746 1033 suos
788 970 1039 1032 ordines
1083 990 1325 1046 servare
1369 990 1575 1051 neque
1602 972 1681 1032 ab
1710 971 1907 1053 signis
1935 973 2253 1036 discedere
2281 963 2484 1053 neque

347 1066 480 1129 sine
507 1068 684 1148 gravi
714 1087 900 1130 causa
937 1087 1084 1129 eum
1110 1067 1323 1130 locum
1364 1088 1553 1148 quem
1602 1073 1899 1148 ceperant
1939 1069 2182 1131 dimitti
2230 1090 2484 1133 censue-

346 1166 493 1226 rant
540 1168 846 1245 oportere.
938 1165 1161 1245 Itaque
1209 1163 1597 1244 perturbatis
1645 1166 2077 1247 antesignanis
2116 1165 2285 1247 legio
2328 1183 2485 1246 quae

229 1262 306 1321 10
347 1259 418 1320 in
445 1280 518 1322 eo
544 1281 742 1323 cornu
771 1260 1142 1323 constiterat
1168 1261 1382 1321 locum
1408 1279 1541 1326 non
1569 1261 1781 1322 tenuit
1807 1265 1998 1341 atque
2023 1262 2094 1322 in
2122 1260 2485 1341 proximum

349 1358 573 1419 collem
614 1378 744 1420 sese
785 1358 1039 1438 recepit.
1129 1356 1332 1420 XLV.
1385 1355 1612 1419 Caesar
1652 1378 1850 1438 paene
1878 1358 2054 1420 omni
2083 1358 2216 1421 acie
2246 1362 2485 1438 perter-

347 1454 491 1529 rita,
527 1455 698 1535 quod
741 1458 988 1535 praeter
1032 1453 1398 1533 opinionem
1447 1454 2101 1535 consuetudinemque
2143 1454 2480 1530 acciderat,

349 1551 712 1613 cohortatus
766 1570 908 1612 suos
962 1550 1274 1631 legionem
1328 1570 1565 1612 nonam
1621 1551 1903 1613 subsidio
1959 1550 2141 1614 ducit
2162 1599 2179 1629 ,
2237 1551 2486 1613 hostem

348 1647 689 1709 insolenter
716 1650 904 1727 atque
933 1647 1160 1709 acriter
1200 1650 1447 1709 nostros
1482 1648 1921 1728 insequentem
1963 1648 2308 1728 supprimit
2349 1669 2486 1709 rur-

232 1747 306 1805 15
350 1763 574 1823 susque
602 1747 780 1825 terga
819 1746 1059 1806 vertere
1100 1763 1285 1824 seque
1327 1744 1411 1805 ad
1452 1744 1762 1824 oppidum
1797 1745 2074 1806 Ilerdam
2102 1744 2377 1824 recipere
2420 1748 2487 1806 et

350 1840 465 1901 sub
494 1860 675 1901 muro
716 1839 1051 1902 consistere
1091 1839 1278 1920 cogit.
1372 1839 1494 1901 Sed
1522 1860 1725 1902 nonae
1751 1840 2019 1922 legionis
2059 1840 2293 1903 milites
2334 1841 2484 1903 elati

350 1936 581 2012 studi0,
617 1938 772 1998 dum
816 1936 1040 1999 sarcire
1091 1940 1422 2016 acceptum
1464 1937 1921 1999 detrimentum
1969 1938 2214 2012 volunt,
2248 1940 2486 1999 temere

350 2032 618 2095 insecuti
646 2033 896 2114 longius
922 2032 1260 2114 fugientes,
1295 2032 1365 2093 in
1393 2034 1604 2096 locum
1647 2034 1944 2115 iniquum
1984 2032 2486 2114 progrediuntur

351 2131 414 2190 et
443 2129 559 2190 sub
588 2133 869 2192 montem
911 2129 979 2190 in
1021 2149 1144 2209 quo
1187 2132 1321 2191 erat
1363 2129 1674 2209 oppidum
1713 2130 1995 2210 positum
2024 2130 2232 2191 Ilerda
2273 2149 2486 2191 succe-

231 2230 308 2286 20
351 2226 532 2289 dunt.
623 2227 795 2288 Hinc
851 2247 913 2289 se
968 2228 1239 2307 recipere
1297 2247 1445 2288 cum
1496 2227 1749 2303 vellent,
1805 2246 2021 2287 rursus
2069 2225 2163 2285 illi
2213 2245 2289 2287 ex
2344 2225 2484 2287 loco

350 2324 664 2404 superiore
704 2328 949 2386 nostros
990 2325 1378 2405 premebant.
1471 2325 1858 2404 Praeruptus
1899 2325 2074 2385 locus
2115 2325 2269 2398 erat,
2309 2327 2485 2385 utra-

351 2441 470 2501 que
499 2443 575 2484 ex
600 2426 779 2502 parte
807 2422 1102 2498 directus,
1137 2443 1208 2485 ac
1249 2425 1506 2483 tantum
1548 2421 1616 2482 in
1642 2420 2052 2483 latitudinem
2094 2420 2372 2500 patebat,
2406 2423 2485 2482 ut

306 2525 311 2528 “
349 2521 475 2580 tres
504 2518 848 2582 instructae
877 2520 1163 2582 cohortes
1190 2539 1338 2581 eum
1364 2520 1579 2580 locum
1606 2518 1949 2597 explerent,
1984 2520 2059 2577 ut
2092 2536 2295 2595 neque
2338 2518 2486 2578 sub-

351 2615 510 2677 sidia
557 2636 594 2677 a
620 2617 918 2679 lateribus
961 2618 1277 2679 summitti
1322 2637 1526 2698 neque
1575 2617 1814 2696 equites
1853 2613 2286 2675 laborantibus
2334 2614 2482 2676 usui

231 2716 307 2772 25
350 2732 477 2774 esse
505 2717 775 2792 possent.
864 2713 966 2775 Ab
1009 2715 1240 2794 oppido
1281 2718 1497 2776 autem
1531 2712 1787 2775 declivis
1813 2712 1988 2775 locus
2016 2710 2194 2773 tenui
2223 2711 2484 2793 fastigio

349 2809 643 2890 vergebat
671 2809 740 2870 in
767 2810 1238 2891 longitudinem
1263 2830 1565 2891 passuum
1607 2809 1858 2872 circiter
1887 2824 2066 2870 0000.
2156 2806 2297 2869 Hac
2339 2827 2482 2869 nos-

349 2904 464 2966 tris
514 2908 646 2967 erat
693 2910 1000 2987 receptus,
1034 2909 1203 2988 quod
1248 2927 1321 2970 00
1362 2906 1612 2969 incitati
1648 2905 1859 2968 studio
1889 2903 2311 2966 inconsultius
2338 2925 2483 2985 pro-

349 3006 697 3081 cesserant3
737 3004 858 3067 hoc
884 3006 1290 3087 pugnabatur
1315 3006 1474 3080 1000,
1510 3007 1573 3066 et
1600 3005 1859 3083 propter
1899 3000 2222 3083 angustias
2260 3000 2483 3083 iniquo

349 3101 413 3160 et
443 3100 612 3179 quod
653 3100 769 3161 sub
810 3100 961 3181 ipsis
1002 3101 1317 3164 radicibus
1359 3100 1595 3162 montis
1638 3098 2075 3173 constiterant,
2108 3101 2184 3158 ut
2224 3097 2484 3159 nullum

232 3196 308 3255 30
347 3194 586 3257 frustra
612 3197 813 3259 telum
842 3197 911 3258 in
938 3217 1040 3260 eos
1068 3199 1444 3261 mitteretur.
1538 3197 1780 3259 Tamen
1807 3195 2045 3259 virtute
2075 3197 2139 3257 et
2172 3193 2485 3284 patientia

349 3292 719 3355 nitebantur
774 3298 962 3376 atque
1020 3295 1232 3356 omnia
1286 3295 1547 3357 vulnera
1602 3292 2017 3355 sustinebant.
2089 3289 2484 3371 ,Augebatur

349 3389 476 3451 illis
505 3390 684 3470 copia
710 3394 898 3472 atque
926 3412 1001 3455 ex
1029 3392 1247 3453 castris
1275 3390 1562 3453 cohortes
1589 3411 1701 3471 per
1732 3389 2038 3470 oppidum
2067 3387 2283 3449 crebro
2312 3394 2484 3447 sum-

352 3486 790 3563 mittebantur,
851 3491 928 3549 ut
981 3487 1212 3570 integri
1271 3487 1529 3551 defessis
1586 3487 2008 3549 succederent.
2113 3482 2255 3544 Hoc
2310 3481 2485 3542 idem

355 3581 578 3644 Caesar
632 3582 834 3645 facere
890 3586 1247 3666 cogebatur,
1302 3587 1379 3645 ut
1428 3582 1774 3646 summissis
1829 3580 1899 3641 in
1948 3579 2220 3641 eundem
2267 3576 2487 3637 locum

235 3679 312 3739 35
354 3677 717 3740 cohortibus
745 3680 1014 3743 defessos
1042 3682 1362 3761 reciperet.
1455 3680 1691 3743 XLVI.
1743 3679 1885 3740 Hoc
1914 3696 2062 3739 cum
2102 3675 2272 3737 esset
2291 3673 2485 3734 modo

355 3777 713 3855 pugnatum
766 3777 1163 3841 continenter
1201 3777 1375 3840 horis
1423 3776 1723 3857 quinque,
1769 3772 2095 3854 nostrique
2147 3767 2403 3851 gravius
2447 3788 2488 3831 a
