2734 4167
61 272 66 275 Ι
185 194 264 253 46
947 193 1066 247 DE
1103 194 1369 249 BELLO
1416 195 1682 251 CIVJLI

306 374 532 436 agmen
561 361 842 437 carperet
870 362 1060 439 atque
1101 359 1462 439 impediret,
1490 360 1621 440 ipse
1650 380 1800 423 cum
1825 360 2183 443 legionibus
2225 364 2439 425 subse-

306 452 540 532 quitur.
631 454 906 516 Nullum
950 456 1380 518 intercedebat
1424 459 1697 537 tempus,
1752 458 1909 538 quin
1964 459 2230 521 extremi
2285 480 2439 523 cum

307 548 621 628 equitibus
661 548 1134 631 proeliarentur.
1227 552 1535 614 LXXIX.
1589 552 1804 616 Genus
1830 558 1963 616 erat
1992 555 2114 617 1100
2156 575 2429 637 pugnae.

306 644 654 725 Expeditae
683 647 966 709 cohortes
992 648 1406 710 novissimum
1434 668 1664 729 agmen
1693 651 2073 713 claudebant
2098 652 2437 731 pluresque

225 744 262 802 5
305 739 374 801 in
401 740 555 803 locis
590 744 1042 821 campestribus
1082 744 1523 807 subsistebant.
1616 744 1684 807 Si
1713 766 1895 807 mons
1937 750 2072 808 erat
2098 747 2439 809 ascenden-

304 837 442 912 duS,
484 837 669 900 facile
710 838 846 918 ipsa
885 839 1008 901 loci
1050 842 1280 901 natura
1319 841 1675 920 periculum
1720 843 2081 922 repellebat,
2130 843 2301 923 quod
2353 862 2433 903 ex

303 933 457 995 10018
511 933 934 1014 superioribus
982 935 1093 1016 qui
1140 939 1600 999 antecesserant
1648 956 1791 999 suos
1840 939 2247 999 ascendentes
2292 958 2439 1018 pro-

302 1029 638 1110 tegebant3
680 1050 829 1093 cum
855 1032 1035 1093 vallis
1071 1035 1184 1093 aut
1222 1032 1401 1095 100118
1429 1033 1686 1095 declivis
1711 1034 1984 1109 suberat,
2018 1053 2219 1115 neque
2248 1033 2294 1093 ii
2324 1034 2436 1115 qui

303 1128 762 1189 antecesserant
805 1128 1198 1189 morantibus
1240 1149 1426 1208 opem
1466 1130 1631 1191 ferre
1657 1132 1971 1210 poterant,
2007 1130 2246 1211 equites
2285 1150 2435 1192 vero

184 1225 262 1283 10
304 1242 381 1283 ex
423 1223 562 1284 loco
605 1224 922 1304 superiore
970 1224 1040 1285 in
1080 1244 1324 1286 aversos
1366 1226 1495 1287 tela
1539 1224 1982 1306 conjiciebant,
2014 1228 2157 1286 tum
2202 1245 2436 1306 magno
2500 1282 2505 1287 .

303 1323 436 1381 erat
465 1320 534 1381 in
561 1322 839 1401 periculo
880 1342 994 1384 res.
1085 1322 1583 1402 Relinquebatur
1616 1326 1712 1398 ut,
1749 1342 1897 1384 cum
1938 1322 2249 1403 ejusmodi
2277 1322 2437 1385 10018

303 1420 460 1479 esset
508 1419 1103 1500 appropinquatum,
1148 1418 1477 1500 legionum
1524 1419 1705 1500 signa
1753 1419 2088 1489 consistere
2135 1420 2435 1500 juberent

303 1534 654 1596 magnoque
712 1516 956 1596 impetu
1004 1516 1362 1597 equitatum
1408 1517 1799 1597 repellerent,
1853 1536 1925 1577 eo
1974 1517 2291 1577 summoto
2338 1535 2435 1577 re-

302 1614 490 1691 pente
519 1612 768 1673 incitati
796 1632 984 1675 cursu
1012 1632 1139 1677 sese
1166 1612 1237 1674 in
1262 1614 1455 1675 valles
1483 1612 1759 1676 universi
1788 1612 2216 1687 demitterent,
2243 1615 2435 1693 atque

183 1710 258 1768 15
300 1706 394 1767 ita
413 1709 778 1789 transgressi
805 1729 1018 1772 rursus
1045 1710 1114 1770 in
1135 1709 1288 1771 locis
1317 1708 1741 1789 superioribus
1769 1710 2197 1771 consisterent.
2260 1708 2435 1770 Nam

301 1805 555 1864 tantum
605 1805 682 1865 ab
731 1805 1019 1885 equitum
1065 1825 1326 1868 suorum
1374 1804 1625 1867 auxiliis
1673 1805 1953 1881 aberant,
2002 1825 2271 1885 quorum
2311 1824 2432 1866 nu-

302 1920 547 1962 merum
595 1900 912 1963 habebant
958 1921 1287 1983 magnum,
1322 1905 1398 1963 ut
1446 1922 1551 1964 eos
1593 1902 2018 1981 superioribus
2065 1902 2433 1981 perterritos

301 1996 554 2077 proeliis
582 1996 650 2057 in
679 1998 960 2060 medium
987 1999 1334 2078 reciperent
1357 2018 1586 2079 agmen
1606 1999 1900 2079 ultroque
1928 2018 2031 2061 eos
2056 2001 2431 2077 tuerentur3

301 2113 571 2173 quorum
618 2094 780 2155 nulli
823 2114 898 2157 ex
946 2094 1170 2157 itinere
1213 2095 1507 2157 excedere
1536 2094 1785 2170 licebat,
1821 2094 1978 2175 quin
2019 2096 2097 2155 ab
2138 2094 2431 2175 equitatu

179 2194 259 2251 20
303 2188 578 2251 Caesaris
625 2190 1031 2270 exciperetur.
1123 2191 1396 2252 LXXX.
1449 2190 1590 2251 Tali
1624 2192 1790 2261 ⁴dum
1838 2194 2163 2272 pugnatur
2211 2191 2424 2267 modo,

298 2286 468 2348 lente
511 2290 698 2367 atque
741 2288 1051 2367 paulatim
1091 2287 1459 2367 proceditur
1502 2288 1862 2368 crebroque,
1902 2276 1979 2348 ut
2018 2287 2147 2349 sint
2192 2286 2431 2348 auxilio

298 2382 446 2458 81118,
479 2383 868 2461 subsistunt3
908 2386 984 2444 ut
1019 2385 1162 2444 tum
1191 2383 1443 2445 accidit.
1534 2382 1715 2444 Milia
1756 2383 1926 2456 enim
1967 2382 2273 2463 progressi
2305 2400 2430 2444 ΠΗ

296 2480 850 2561 vehementiusque
898 2479 1236 2561 peragitati
1291 2480 1371 2540 ab
1428 2479 1714 2559 equitatu
1773 2482 2057 2540 montem
2111 2480 2430 2541 excelsum

298 2575 560 2656 capiunt
608 2575 819 2655 ibique
843 2595 1002 2649 ‚una
1049 2576 1259 2638 fronte
1308 2578 1531 2637 contra
1578 2575 1826 2637 hostem
1874 2578 2075 2636 castra
2121 2575 2429 2636 muniunt

176 2674 253 2733 25
297 2691 498 2751 neque
526 2672 832 2752 jumentis
860 2692 1048 2734 onera
1075 2674 1422 2752 deponunt.
1515 2672 1647 2735 Ubi
1680 2671 1955 2733 Caesaris
1994 2674 2195 2733 castra
2220 2672 2430 2752 posita

295 2769 819 2849 tabernaculaque
847 2770 1193 2831 constituta
1213 2772 1277 2832 et
1298 2770 1587 2831 dimissos
1613 2770 1853 2850 equites
1874 2768 2219 2849 pabulandi
2241 2789 2431 2833 causa
2458 2808 2464 2815 ·

297 2864 582 2925 animum
631 2866 1055 2941 adverterunt,
1109 2886 1237 2927 sese
1295 2865 1508 2927 subito
1555 2865 1918 2945 proripi-unt
1968 2865 2123 2926 hora
2178 2864 2431 2927 circiter

295 2965 468 3023 sexta
508 2962 792 3043 ejusdem
821 2962 944 3025 diei
974 2966 1038 3025 et
1065 2982 1241 3042 spem
1282 2962 1457 3024 nacti
1500 2981 1711 3023 morae
1750 2961 2020 3023 discessu
2063 2964 2429 3023 nostrorum

295 3059 581 3138 equitum
637 3058 757 3120 iter
809 3059 1012 3122 facere
1067 3058 1405 3138 incipiunt.
1513 3056 1651 3132 Qua
1705 3076 1773 3119 re
1828 3057 2115 3118 animum
2170 3056 2431 3119 adversa

173 3159 252 3216 30
296 3154 519 3216 Caesar
565 3154 801 3217 relictis
849 3154 1320 3236 impedimentis
1361 3154 1787 3234 subsequitur,
1838 3153 2146 3233 praesidio
2194 3172 2431 3233 paucas

293 3252 576 3313 cohortes
617 3252 957 3332 relinquit3
999 3252 1154 3313 hora
1197 3268 1244 3312 x
1283 3250 1579 3331 subsequi
1622 3250 2021 3330 pabulatores
2062 3248 2431 3330 equitesque

292 3348 564 3410 revocari
592 3349 790 3429 jubet.
884 3349 1184 3411 Celeriter
1223 3348 1546 3429 equitatus
1588 3347 1671 3408 ad
1699 3346 2145 3425 quotidianum
2181 3344 2431 3406 itineris

293 3444 570 3505 officium
598 3444 949 3507 revertitur.
1016 3445 1353 3525 Pugnatur
1374 3442 1603 3505 acriter
1624 3442 1705 3503 ad
1724 3442 2141 3503 novissimum
2168 3460 2422 3522 agmen,

293 3540 445 3601 adeo
474 3543 549 3599 ut
577 3560 772 3618 paene
799 3544 977 3621 terga
1005 3542 1399 3615 convertant,
1434 3540 1914 3619 compluresque
1942 3537 2199 3613 milites,
2234 3538 2431 3599 etiam

173 3638 249 3696 35
292 3636 588 3695 nonnulli
629 3637 1045 3712 centurioneS,
1085 3636 1580 3698 interficiuntur.
1673 3634 1962 3696 Instabat
2002 3654 2231 3716 agmen
2275 3633 2431 3697 Cae·
2509 3630 2518 3635 ’

291 3730 443 3791 saris
495 3734 682 3813 atque
742 3732 1107 3794 universum
1161 3732 1551 3821 imminebat.
1660 3730 1971 3794 LXXXI.
2045 3732 2216 3793 Tum
2273 3750 2425 3793 vero
