2734 4167
813 216 1046 272 ΟΟΜΜ
1086 216 1173 270 ΙΙ.
1217 216 1381 271 ΟΑΡ.
1421 218 1483 269 X
1491 216 1863 270 VIII-XXI.
2040 269 2046 274 ,
2172 239 2176 243 >
2388 220 2464 279 61

197 382 582 465 legionibus,
617 398 782 461 quae
816 380 1150 442 vernacula
1189 381 1647 460 appellabatur,
1680 400 1757 443 ex
1796 380 2017 443 castris
2042 368 2347 443 Varronis

103 535 115 541 -
199 479 497 541 adstante
525 480 591 539 et
619 476 1016 557 inspectante
1055 476 1189 557 ipso
1229 477 1413 559 signa
1452 477 1711 539 sustulit
1750 496 1999 558 seseque
2028 476 2347 557 Hispalim
2398 547 2409 560 ⁸

201 574 442 655 recepit
471 576 664 655 atque
704 572 773 634 in
813 573 952 635 foro
993 576 1061 635 et
1103 572 1453 653 porticibus
1496 572 1633 635 sine
1678 574 1988 636 maleficio
2036 572 2337 637 consedit.

203 668 389 745 Quod
415 670 676 731 factum*
716 670 869 731 adeo
913 670 1052 750 ejus
1100 670 1449 731 conventus
1476 668 1641 732 cives
1682 670 1952 732 Romani
1984 672 2347 753 comproba-

201 768 458 843 verunt,
492 768 570 827 ut
597 766 858 827 domuin
897 766 976 827 ad
1021 780 1098 827 se·
1131 764 1397 846 quisque
1426 765 1701 847 hospitio
1748 766 2151 847 cupidissime
2190 771 2347 832 reci·
2428 773 2465 831 5

201 866 399 943 peret.
495 862 738 937 Quibus
765 863 948 924 rebus
975 861 1348 941 perterritus
1363 863 1773 945 Ἴψῳ-911111
1797 864 2023 927 itinere
2050 884 2347 927 converso

201 978 334 1021 sese
378 958 674 1039 Italicam
719 960 1060 1020 venturum
1105 958 1543 1038 praemisisset,
1562 959 1807 1023 certior
1846 962 1925 1023 ab
1969 950 2097 1025 suis
2138 961 2349 1023 factus

201 1057 303 1117 ent
327 1055 688 1135 praeclusas
713 1074 840 1117 esse
861 1058 1090 1135 portas.
1159 1040 1496 1120 Tudi-Vero
1524 1056 1699 1118 omni
1724 1057 2103 1119 interclusus
2123 1056 2349 1121 itinere
2399 1033 2462 1089 s

203 1153 288 1213 ad
318 1151 649 1213 Caesarem
691 1151 898 1213 mittit
941 1155 1236 1233 paratum
1284 1172 1348 1216 30
1394 1172 1521 1217 0330
1548 1153 1883 1235 legionem,
1916 1153 2021 1215 cui
2068 1153 2342 1235 jusserit,

201 1250 474 1311 tradere.
565 1248 684 1311 Ille
725 1250 808 1311 ad
854 1269 1003 1312 eum
1049 1249 1314 1313 Sextum
1344 1250 1671 1313 Caesarem
1716 1250 1921 1312 mittit
1964 1254 2153 1330 atque
2196 1248 2349 1311 huic
2390 1251 2469 1312 10

201 1345 378 1407 tradi
405 1345 607 1426 jubet.
702 1346 963 1408 Tradita
988 1347 1234 1428 legione
1263 1349 1466 1411 Varro
1506 1347 1868 1409 Cordubam
1912 1348 1994 1408 ad
2024 1346 2348 1408 Caesarem

203 1441 430 1519 venit3
489 1442 704 1504 relatis
746 1444 828 1504 ad
875 1462 1022 1505 eum
1065 1442 1340 1523 publicis
1390 1464 1537 1505 cum
1584 1444 1708 1505 fide
1754 1443 2124 1519 rationibus,
2180 1444 2351 1526 quod

204 1557 404 1619 penes
451 1558 600 1601 eum
647 1542 742 1601 est
783 1538 1090 1619 pecuniae
1132 1539 1330 1601 tradit
1376 1542 1440 1601 et
1488 1539 1643 1619 quid
1685 1538 1919 1619 ubique
1947 1538 2177 1602 habeat
2217 1540 2351 1601 fru-

206 1634 414 1696 menti
463 1638 528 1698 et
573 1634 834 1699 navium
878 1634 1175 1699 ostendit.
1280 1635 1467 1697 XXI.
1520 1636 1743 1698 Caesar
1786 1635 2083 1699 contione
2130 1637 2351 1699 habita

207 1731 540 1793 Cordubae
569 1732 862 1793 omnibus
889 1732 1240 1813 generatim
1269 1732 1503 1815 gratias
1530 1732 1663 1813 agit
1692 1753 1707 1794 ε
1751 1732 1995 1795 civibus
2022 1733 2341 1810 Romanis,
2392 1736 2469 1795 15
2525 1759 2530 1764 ·

205 1829 384 1909 quod
405 1828 714 1908 oppidum
734 1828 803 1889 in
825 1848 936 1889 sua
955 1830 1264 1909 potestate
1293 1829 1681 1893 studuissent
1708 1830 1939 1893 habere
1964 1851 1981 1908 3
2024 1830 2345 1911 Hispania

206 1926 386 2006 quod
422 1925 736 2005 praesidia
773 1926 1202 2005 expulissent3
1247 1926 1596 2003 Gaditanis,
1632 1915 1803 2007 quod
1835 1928 2099 1989 conatus
2137 1928 2351 1990 adver-

207 2021 522 2083 sariorum
583 2021 988 2104 infregissent
1041 2030 1293 2103 seseque
1347 2022 1418 2084 in
1471 2022 1827 2085 libertatem
1882 2023 2349 2102 vindicassent,
2333 2045 2348 2061 ·

205 2118 487 2181 tribunis
535 2118 818 2180 militum
871 2118 1496 2199 centurionibusque,
1548 2120 1654 2199 qui
1704 2140 1777 2183 00
1824 2120 2120 2200 praesidii
2167 2138 2352 2183 causa

206 2218 536 2291 venerant,
595 2217 767 2295 quod
815 2235 1032 2278 eorum
1087 2214 1349 2277 consilia
1397 2235 1510 2277 sua
1556 2216 1791 2313 virtute
1846 2217 2339 2279 confirmassent.
2389 2219 2469 2279 20

210 2312 524 2375 Pecunias
580 2332 733 2392 quas
787 2315 964 2375 erant
1019 2312 1088 2372 in
1143 2311 1476 2393 publicum
1531 2276 1804 2374 Varroni
1860 2313 2025 2375 cives
2080 2311 2349 2374 Romani

207 2408 505 2490 polliciti,
561 2407 878 2487 remittit,
918 2410 1084 2471 bona
1132 2409 1417 2471 restituit
1450 2409 1543 2475 113
1599 2430 1752 2490 quos
1798 2410 2056 2472 liberius
2109 2410 2352 2471 locutos

208 2506 376 2569 hanc
412 2522 684 2586 poenam
724 2506 940 2569 tulisse
988 2509 1383 2588 cognoverat.
1413 2571 1418 2574 ,
1477 2506 1763 2568 Tributis
1791 2506 2165 2586 quibusdam
2192 2507 2352 2585 pub-

207 2602 354 2665 licis
409 2602 796 2683 privatisque
851 2603 1146 2683 praemiis
1205 2598 1478 2683 reliquos
1533 2602 1602 2663 in
1657 2605 1979 2683 posterum
2025 2602 2193 2663 bona
2244 2622 2351 2683 spe
2387 2638 2395 2646 ,

211 2700 491 2779 complet
532 2698 924 2805 biduumque
968 2699 1298 2761 Cordubae
1349 2700 1775 2761 commoratus
1821 2697 2025 2759 Gades
2073 2698 2351 2778 proficis-
2391 2702 2470 2761 25

209 2795 432 2872 citu1·;
477 2794 776 2903 pecunias
815 2796 1354 2874 monumentaque
1397 2814 1555 2875 quae
1593 2814 1670 2855 ex
1696 2794 1847 2855 fano
1892 2792 2187 2856 Herculis
2228 2795 2353 2856 col·-

209 2893 344 2954 lata
387 2894 569 2953 erant
613 2891 682 2953 in
725 2891 1036 2971 privatam
1084 2893 1369 2968 domum,
1403 2891 1623 2954 referri
1673 2891 1743 2951 in
1782 2892 2097 2971 templum
2145 2891 2343 2972 jubet.

11 2990 26 3023 ⁴·
130 3026 154 3037 -
213 2986 585 3050 Provinciae
615 2986 687 3063 Q.
717 2986 1000 3051 Cassium
1026 2988 1365 3067 praeficit3
1382 2970 1559 3049 huic
1588 3004 1708 3047 1111
1728 2986 2005 3069 legiones
2032 2987 2343 3050 attribuit.

211 3085 360 3167 Ipse
401 3082 478 3145 iis
514 3085 778 3146 navibus
805 3104 958 3165 quas
991 3084 1079 3146 M.
1116 3085 1321 3146 Varro
1336 3104 1626 3193 ‘quasque
1658 3083 2010 3146 Gaditani
1986 3104 2167 3177 jussu
2195 3085 2353 3146 Var-

210 3180 386 3243 ronis
403 3180 688 3243 fecerant
718 3181 1138 3244 Tarraconem
1165 3181 1385 3261 paucis
1408 3181 1629 3243 diebus
1652 3180 1958 3261 pervenit.
2028 3160 2131 3241 Ibi‘
2156 3180 2355 3243 totius
2394 3184 2474 3244 30

210 3278 347 3341 sere
397 3276 702 3339 citerioris
748 3277 1106 3358 provinciae
1154 3278 1503 3359 legationes
1533 3276 1809 3339 Caesaris
1858 3278 2203 3339 adventum
2250 3296 2355 3339 ex—

211 3374 600 3455 spectabant.
693 3373 932 3435 Eadem
961 3374 1204 3437 ratione
1231 3374 1538 3455 privatim
1579 3392 1651 3435 ac
1680 3373 1931 3453 publice
1975 3371 2355 3454 quibusdam

212 3469 578 3533 civitatibus
620 3470 856 3533 habitis
897 3471 1242 3534 honoribus
1271 3471 1627 3533 Tarracone
1656 3469 1922 3532 discedit
1966 3469 2356 3551 pedibusque

212 3566 580 3629 Narbonem
633 3570 824 3648 atque
872 3566 1022 3631 inde
1073 3566 1421 3629 Massiliam
1476 3565 1782 3645 pervenit.
1847 3564 1973 3627 ‘Ibi
2026 3564 2230 3645 legem
2277 3562 2357 3625 de

212 3662 524 3725 dictatore
551 3663 749 3725 latam
777 3683 1028 3745 seseque
1056 3664 1435 3727 dictatorem
1454 3661 1704 3725 dictum
1730 3681 1769 3723 a
1795 3661 1885 3723 M.
1914 3660 2155 3740 Lepido
2182 3676 2357 3739 prae-
2397 3660 2475 3720 35

211 3761 352 3823 tore
381 3758 730 3841 cognoscit.
