2734 4167
833 235 1061 290 COMM.
1099 237 1209 290 III.
1263 236 1430 290 GAP.
1470 235 1769 290 XX—XX
1776 237 1839 291 V.
2376 241 2455 300 85

191 416 348 473 rem,
381 397 675 477 pervenit
705 397 998 474 Thurios.
1087 398 1218 462 Ubi
1262 419 1411 461 cum
1453 401 1757 480 quosdam
1806 399 1947 480 ejus
1994 398 2331 479 municipii

193 493 564 555 sollicitaret
606 493 1048 576 equitibusque
1094 495 1375 558 Caesaris
1404 494 1601 558 Gallis
1643 499 1831 576 atque
1862 495 2185 576 HispaniS,
2221 495 2333 576 qui

192 610 266 652 eo
292 590 593 670 praesidii
624 611 809 653 causa
849 591 1023 654 missi
1052 596 1252 669 erant,
1285 593 1625 672 pecuniam
1665 593 2089 673 polliceretur,
2124 594 2201 655 ab
2229 592 2331 655 his

191 693 290 748 est
331 685 725 749 interfectus.
815 687 920 750 Ita
957 708 1332 770 magnarum
1370 688 1559 752 initia
1596 709 1829 765 rerum,
1864 708 2023 770 quae
2064 707 2329 768 occupa-

94 775 117 798 *
191 783 370 854 tione
415 783 906 865 magistratuum
953 788 1018 847 et
1065 789 1426 865 temporum
1476 785 1811 848 sollicitam
1840 785 2093 848 Italiam
2141 785 2331 848 habe*
2412 787 2449 847 5

193 879 376 954 bant,
411 881 675 942 celerem
703 885 768 942 et
792 881 1046 942 facilem
1073 881 1318 944 exitum
1344 881 1726 944 habuerunt.

277 976 536 1038 XXIII.
585 977 746 1038 Libo
773 979 1094 1057 profectus
1135 979 1214 1040 ab
1246 978 1433 1040 Orico
1476 997 1624 1040 cum
1666 978 1867 1040 classe.
1899 977 2004 1040 cui
2044 980 2330 1057 praeerat

193 1073 460 1134 navium
489 1090 530 1134 L
546 1121 565 1148 ,
601 1072 1017 1136 Brundisium
1057 1074 1233 1136 venit
1275 1074 1672 1154 insulamque
1722 1093 1879 1156 quae
1928 1077 2149 1136 contra
2187 1093 2329 1154 por-

192 1170 342 1230 tum
370 1169 834 1232 Brundisinum
862 1173 956 1234 est
984 1169 1336 1251 occupavit,
1365 1171 1535 1252 quod
1562 1174 1875 1252 praestare
1904 1170 2329 1232 arbitrabatur

191 1285 402 1326 unum
450 1266 684 1342 locum,
730 1286 856 1347 qua
901 1267 1283 1330 necessarius
1327 1267 1559 1329 nostris
1606 1270 1739 1330 erat
1788 1286 2087 1350 egressuS,
2138 1286 2329 1347 quam
2371 1270 2447 1328 10

191 1362 412 1424 omnia
437 1363 626 1424 litora
653 1383 724 1424 ac
765 1366 987 1444 portus
1031 1363 1335 1455 custodia,
1359 1366 1599 1426 clausos
1626 1365 1845 1427 teneri.
1936 1364 2063 1424 Hic
2110 1383 2329 1443 repen-

189 1457 332 1521 tino
383 1460 662 1522 adventu
710 1479 899 1522 naves
930 1461 1259 1523 -onerarias
1308 1462 1611 1542 quasdam
1658 1464 1885 1522 nactus
1933 1459 2217 1522 incendit
2264 1463 2329 1522 et

189 1575 392 1618 unam
418 1556 746 1619 frumento
775 1559 1069 1619 onustam
1111 1557 1378 1619 abduxit
1421 1576 1849 1639 magnumque
1876 1557 2109 1618 nostris
2134 1560 2328 1619 terro-

191 1672 326 1734 rem
355 1652 584 1734 injecit
627 1655 692 1715 et
731 1656 927 1715 noctu
969 1652 1280 1715 militibus
1307 1673 1381 1714 ac
1420 1653 1759 1735 sagittariis
1786 1653 1855 1714 in
1882 1656 2117 1716 terram
2144 1673 2329 1733 expo-

191 1749 330 1810 sitis
357 1748 745 1829 praesidium
787 1747 1077 1830 equitum
1107 1749 1360 1831 dejecit,
1396 1752 1461 1812 et
1502 1751 1656 1812 adeo
1684 1749 1807 1811 loci
1853 1750 2327 1830 opportunitate
2371 1753 2447 1811 15

189 1845 487 1926 profecit,
519 1845 619 1906 uti
657 1846 738 1906 ad
780 1845 1157 1926 Pompeium
1183 1846 1429 1908 litteras
1464 1845 1769 1921 mitteret,
1803 1865 1993 1908 naves
2031 1845 2323 1925 reliquas,

191 1941 242 2002 si
290 1941 504 2017 vellet,
539 1942 806 2004 subduci
851 1947 916 2004 et
957 1942 1129 2006 refici
1175 1942 1469 2023 juberet3
1512 1962 1625 2004 sua
1672 1944 1863 2005 classe
1912 1942 2145 2004 auxilia
2200 1962 2327 2005 sese

193 2036 476 2100 Caesaris
503 2038 998 2118 prohibiturum.
1087 2037 1333 2100 XXIV.
1392 2039 1550 2100 Erat
1592 2058 1663 2102 eo
1696 2043 1979 2120 tempore
2008 2038 2330 2100 Antonius

191 2132 565 2212 Brundisii;
615 2134 724 2214 qui
793 2133 1030 2221 virtute
1085 2125 1370 2195 militum
1426 2135 1697 2196 confisus
1752 2134 2011 2214 scaphas
2066 2133 2327 2196 navium

189 2249 572 2311 magnarum
618 2231 869 2293 circiter
913 2246 1002 2290 Lx
1052 2231 1330 2292 cratibus
1378 2231 1735 2312 pluteisque
1792 2231 2075 2294 contexit
2129 2222 2324 2310 eo‘que
2366 2233 2445 2292 20

189 2327 430 2390 milites
479 2327 750 2388 delectos
798 2327 1103 2406 imposuit
1147 2330 1336 2408 atque
1386 2347 1486 2391 eas
1526 2328 1597 2388 in
1638 2327 1821 2389 litore
1861 2328 2149 2408 pluribus
2176 2327 2329 2388 locis

189 2423 532 2502 separatim
579 2423 888 2504 disposuit
931 2443 1242 2504 navesque
1288 2425 1573 2486 triremes
1614 2425 1791 2500 duaS,
1825 2444 1979 2504 quas
2028 2423 2329 2485 Brundisi

188 2519 512 2582 faciendas
553 2523 898 2596 curaverat,
932 2540 1044 2600 per
1085 2541 1337 2584 causam
1380 2523 1864 2586 exercendorum
1894 2521 2207 2600 remigum
2248 2519 2331 2581 ad

188 2618 408 2682 fauces
449 2619 669 2695 portus
709 2617 960 2696 prodire
988 2617 1194 2697 jussit.
1284 2618 1418 2680 Has
1460 2638 1608 2680 cum
1649 2617 1949 2679 audacius
1975 2635 2327 2698 progressas

191 2713 354 2774 Libo
399 2713 675 2794 vidi-sset,
723 2733 978 2800 sperans
1026 2713 1319 2794 intercipi
1363 2733 1540 2794 posse
1583 2713 2007 2794 quadriremes
2032 2730 2080 2775 v
2106 2714 2188 2774 ad
2228 2732 2329 2774 eas
2370 2715 2447 2775 25

190 2809 386 2871 misit.
479 2808 649 2885 Quae
695 2829 844 2870 cum
884 2809 1150 2872 navibus
1189 2810 1419 2872 nostris
1461 2810 2085 2896 appropiJLqJ-iassent,
2128 2809 2329 2871 nostri

189 2905 473 2969 veterani
499 2905 568 2966 in
603 2910 862 2988 portum
890 2906 1289 2987 refugiebant
1313 2928 1331 2984 3
1374 2906 1469 2967 1111
1498 2906 1707 2968 studio
1736 2905 1985 2968 incitati
2013 2905 2331 2968 incautius

191 3002 632 3082 sequebantur.
722 3002 768 3064 J
769 3021 872 3062 am
915 3021 992 3063 ex
1032 3001 1323 3063 omnibus
1363 3002 1650 3081 partibus
1692 3002 1901 3064 subito
1930 3000 2329 3064 Antonianae

189 3097 459 3178 scaphae
487 3097 667 3179 signo
690 3098 837 3159 dato
865 3116 928 3159 se
957 3096 1026 3156 in
1045 3097 1254 3158 hostes
1281 3097 1709 3160 incitaverunt
1731 3097 2059 3178 primoque
2082 3098 2327 3177 impetu

189 3213 387 3255 unam
438 3213 514 3254 ex
553 3194 655 3256 his
683 3193 1144 3274 quadriremem
1192 3212 1342 3254 cum
1389 3193 1733 3274 remigibus
1774 3193 2325 3272 defensoribusque
2368 3197 2447 3254 30

189 3291 321 3352 suis
351 3293 673 3370 ceperunt,
709 3289 980 3369 reliquas
1008 3289 1282 3368 turpiter
1308 3290 1595 3371 refugere
1624 3292 1985 3370 coegerunt.
2076 3288 2181 3350 Ad
2208 3290 2327 3350 hoc

190 3385 649 3447 detrimentum
697 3385 954 3448 accessit
1002 3387 1078 3446 ut
1121 3385 1437 3465 equitibus
1465 3406 1579 3466 per
1618 3406 1792 3447 oram
1834 3383 2218 3447 maritimam
2248 3385 2325 3445 ab

189 3481 478 3543 Antonio
505 3481 823 3562 dispositis
852 3480 1068 3562 aquari
1096 3480 1597 3560 prohiberentur.
1691 3482 1829 3556 Qua
1869 3481 2237 3543 necessitate
2266 3483 2329 3542 et
2438 3483 2441 3487 ’

189 3577 544 3660 ignominia
561 3580 894 3659 permotus
923 3577 1082 3638 Libo
1119 3577 1400 3639 discessit
1442 3597 1479 3638 a
1507 3577 1846 3638 Brundisio
1889 3577 2329 3638 obsessionem-

189 3696 314 3758 que
341 3679 703 3738 nostrorum
731 3675 960 3737 omisit.
2369 3674 2447 3734 35

269 3773 484 3836 XXV.
535 3772 730 3835 Multi
757 3773 890 3854 jam
935 3790 1176 3834 menses
1217 3772 1399 3832 erant
1442 3771 1507 3832 et
1542 3767 1745 3830 hiems
1783 3767 2323 3848 praecipitaverat,
