2734 4167
273 238 350 299 70
481 181 488 186 ’
698 197 713 241 ·’
922 217 927 222 “
1030 228 1147 280 DE
1186 226 1453 280 BELLO
1503 226 1767 280 GJVJLJ

394 395 489 455 illi
511 392 892 467 amicissimi,
917 394 1262 454 conventus
1291 390 1345 451 is
1374 390 1482 471 qui
1512 410 1589 452 ex
1615 389 1803 451 variis
1830 390 2165 471 generibus
2193 396 2530 471 constaret,

353 474 356 477 ⁴
392 494 595 553 terror
622 510 699 552 ex
727 488 1151 568 superioribus
1179 488 1433 566 proeliis
1463 506 1746 568 magnus.
1840 487 2062 568 Itaque
2077 472 2177 549 ‘de
2207 490 2536 559 deditione

394 606 610 648 omnes
650 587 859 666 palam
899 585 1338 665 loquebantur,
1374 586 1440 645 et
1481 603 1630 645 cum
1659 584 1729 645 P.
1766 583 1949 644 Attio
1978 586 2268 665 agebant,
2302 607 2383 649 ne
2422 609 2538 651 sua

394 683 741 763 pertinacia
790 681 1076 742 omnium
1117 681 1409 741 fortunas
1455 679 1811 759 perturbari
1860 680 2068 743 vellet.
2160 681 2337 745 Haec
2386 705 2539 746 cum

315 784 352 842 5
395 782 750 861 agerentur,
778 777 991 840 nuntii
1020 774 1341 856 praemissi
1372 776 1451 836 ab
1479 794 1625 857 rege
1645 775 1818 838 Juba
1844 779 2178 853 venerunt,
2207 779 2317 859 qui
2341 760 2575 841 isfifffi‘

348 911 349 914 κ
396 878 606 938 adesse
652 895 798 938 cum
842 872 1088 955 magnis
1132 872 1328 951 copiis
1374 872 1658 933 dicerent
1700 876 1765 934 et
1793 874 1870 935 de
1900 874 2187 935 custodia
2212 894 2286 936 ac
2314 876 2539 937 defen-

396 973 568 1036 sione
595 971 767 1034 urbis
794 971 1218 1032 hortarentur.
1312 966 1484 1041 Quae
1525 963 1623 1029 res
1650 988 1869 1031 eorum
1896 971 2263 1049 perterritos
2290 972 2540 1034 animos

396 1068 810 1131 confirmavit.
901 1066 1250 1129 XXXVII.
1271 1084 1277 1090 ’
1301 1063 1785 1127 Nuntiabantur
1811 1068 1966 1129 haec
1993 1070 2214 1130 eadem
2245 1069 2533 1146 Curioni,

398 1167 508 1229 sed
564 1163 954 1246 aliquamdiu
1010 1163 1165 1224 fides
1219 1160 1358 1223 fieri
1416 1181 1547 1221 non
1601 1166 1898 1242 poterat3
1961 1167 2210 1227 tantam
2264 1167 2541 1227 habebat

279 1268 356 1326 10
397 1283 653 1325 suarum
694 1283 906 1325 rerum
943 1261 1260 1322 fiduciam.
1350 1260 1625 1341 Jamque
1658 1260 1935 1323 Caesaris
1976 1262 2044 1322 in
2086 1263 2401 1343 Hispania
2439 1283 2543 1325 res
2581 1307 2590 1312 -

399 1361 707 1423 secundae
736 1359 804 1420 in
832 1358 1121 1420 Africam
1147 1357 1394 1419 nuntiis
1430 1360 1495 1418 et
1534 1357 1767 1419 litteris
1793 1356 2292 1438 perferebantur.
2385 1360 2543 1435 Qui-

397 1457 514 1518 bus
541 1457 727 1518 rebus
755 1455 1047 1516 omnibus
1082 1455 1365 1515 sublatus
1406 1448 1571 1525 nihil
1613 1456 1834 1515 contra
1874 1474 1937 1516 se
1978 1475 2193 1536 regem
2233 1477 2543 1517 ausurum

399 1554 814 1615 existimabat.
909 1551 1032 1614 Sed
1059 1550 1388 1614 ubi-certis
1416 1550 1777 1612 auctoribus
1820 1552 2128 1632 comperit
2157 1553 2369 1615 minus
2396 1571 2444 1615 V
2471 1557 2543 1615 et

401 1666 499 1710 xx
527 1649 783 1709 milibus
808 1648 996 1729 longe
1025 1648 1103 1708 ab
1131 1647 1326 1709 Utica
1366 1648 1506 1727 ejus
1552 1647 1759 1728 copias
1786 1649 2017 1724 abesse,
2051 1649 2287 1711 relictis
2328 1651 2543 1711 muni-

282 1749 357 1807 15
398 1745 680 1807 tionibus
728 1759 856 1806 sese
898 1744 967 1804 in
1011 1743 1230 1805 Castra
1266 1742 1560 1805 Cornelia
1598 1743 1853 1824 recepit.
1945 1745 2094 1806 Huc
2137 1745 2543 1808 frumentum

400 1844 810 1921 comportare,
838 1844 1040 1903 castra
1068 1840 1337 1916 munire,
1360 1840 1693 1914 materiam
1721 1842 2006 1903 conferre
2036 1843 2265 1922 coepit,
2292 1826 2543 1904 statim-

403 1958 523 2019 que
551 1938 620 1998 in
644 1937 925 2000 Siciliam
952 1936 1148 2011 misit,
1169 1936 1269 1997 uti
1299 1938 1462 1998 duae
1484 1937 1762 2017 legiones
1789 1938 2191 2019 reliquusque
2221 1940 2545 2020 equitatus

401 2036 483 2097 ad
528 2055 594 2096 se
633 2034 1013 2096 mitteretur.
1107 2033 1328 2095 Castra
1369 2036 1550 2095 erant
1577 2035 1657 2095 ad
1686 2036 1926 2096 bellum
1954 2036 2319 2097 ducendum
2346 2036 2545 2116 aptis-

404 2130 562 2214 sima
609 2133 837 2191 natura
882 2130 1004 2191 loci
1054 2133 1118 2190 et
1174 2129 1531 2191 munitione
1580 2133 1646 2191 et
1699 2130 1890 2192 maris
1945 2131 2417 2212 propinquitate
2474 2135 2545 2194 et

283 2232 368 2290 20
404 2248 598 2309 aquae
643 2230 706 2289 et
747 2227 890 2289 salis
937 2225 1137 2306 copia,
1172 2227 1356 2307 cujus
1392 2247 1621 2307 magna
1662 2227 1755 2289 vis
1794 2228 1929 2309 jam
1973 2222 2050 2289 ex
2076 2227 2379 2308 proximis
2406 2232 2547 2291 erat

405 2323 617 2385 salinis
645 2344 718 2386 eo
747 2325 1058 2404 congesta.
1149 2322 1299 2383 Non
1327 2322 1591 2384 materia
1617 2324 2033 2385 multitudine
2062 2325 2377 2400 arborum,
2410 2345 2548 2386 non

403 2422 824 2498 frumentum,
875 2422 1058 2502 cujus
1114 2424 1293 2484 erant
1348 2420 1698 2501 plenissimi
1752 2420 1906 2501 agri,
1954 2421 2219 2483 deficere
2266 2425 2539 2503 poterat.

406 2518 628 2598 Itaque
670 2518 959 2579 omnium
999 2533 1258 2580 suorum
1298 2539 1605 2581 consensu
1643 2518 1835 2580 Ourio
1876 2519 2147 2599 reliquas
2188 2519 2398 2599 copias
2439 2539 2549 2581 ex-

406 2618 684 2695 spectare
725 2619 789 2678 et
829 2615 1070 2677 bellum
1125 2616 1352 2677 ducere
1408 2617 1686 2695 parabat.
1779 2615 2161 2678 XXXVIII.
2221 2616 2341 2678 His
2398 2631 2568 2678 con-·

286 2715 363 2773 25
406 2711 646 2774 stitutis
700 2713 885 2773 rebus
932 2712 1333 2793 probatisque
1384 2712 1659 2774 consiliis
1708 2732 1786 2774 ex
1831 2714 2117 2794 perfugis
2166 2714 2552 2794 quibusdam

408 2809 739 2889 oppidanis
779 2810 960 2871 audit
1007 2810 1052 2871 J
1054 2811 1246 2871 ubam
1289 2813 1654 2873 revocatum
1681 2810 1957 2871 finitimo
1984 2811 2149 2872 bello
2192 2813 2257 2872 et
2297 2814 2553 2872 contro·-

407 2905 622 2968 versiis
678 2905 1163 2985 Leptitanorum
1225 2906 1527 2969 restitisse
1582 2906 1651 2967 in
1705 2926 1919 2988 regn0,
1982 2908 2343 2983 Saburram,
2408 2908 2554 2989 ejus
2657 2925 2686 2945 ··

407 3001 821 3084 praefectum,
857 3022 1003 3063 cum
1044 3002 1465 3064 mediocribus
1507 3002 1702 3082 copiis
1742 3002 2005 3064 missum
2047 3003 2275 3065 Uticae
2320 3024 2553 3085 appro-

409 3099 731 3181 pinquare.
823 3098 943 3159 His
987 3098 1348 3161 auctoribus
1396 3103 1632 3161 temere
1682 3100 1940 3161 credens
1990 3100 2324 3163 consilium
2374 3120 2551 3163 oom-

291 3201 366 3256 30
408 3200 616 3259 mutat
664 3200 729 3259 et
776 3196 1013 3278 proelio
1061 3217 1196 3258 rem
1245 3181 1639 3259 committere
1689 3198 2039 3259 constituit.
2133 3198 2416 3260 Multum
2466 3201 2553 3262 ad

409 3293 574 3355 hanc
599 3314 735 3356 rem
756 3294 1146 3373 probandam
1174 3294 1438 3374 adjuvat
1466 3294 1905 3369 adolescentia,
1926 3295 2299 3375 magnitudo
2322 3295 2548 3371 animi,

412 3390 744 3469 superioris
792 3390 1096 3469 temporis
1150 3393 1515 3470 proventus,
1569 3390 1803 3452 fiducia
1857 3390 1949 3452 rei
1997 3392 2154 3453 bene
2210 3392 2546 3472 gerendae.

413 3484 534 3545 His
560 3486 745 3546 rebus
771 3485 1083 3565 impulsus
1112 3484 1470 3566 equitatum
1499 3506 1752 3547 omnem
1779 3486 1985 3566 prima
2022 3490 2207 3548 nocte
2236 3488 2318 3548 ad
2345 3490 2556 3550 castra

411 3578 690 3639 hostium
731 3581 935 3642 mittit
990 3583 1070 3642 ad
1118 3583 1358 3644 flumen
1409 3584 1781 3664 Bagradam,
1838 3584 2063 3664 quibus
2112 3587 2398 3664 praeerat
2444 3585 2557 3647 Sa-

291 3676 369 3733 35
411 3673 621 3746 burra,
657 3674 734 3734 de
771 3694 895 3753 quo
937 3680 1084 3737 ante
1135 3681 1269 3737 erat
1318 3677 1655 3756 auditum3
1697 3680 1806 3740 sed
1848 3699 1957 3739 rex
2006 3679 2300 3740 omnibus
2353 3680 2560 3761 copiis

415 3767 859 3845 insequebatur
906 3774 971 3831 et
1015 3791 1121 3832 sex
1169 3773 1421 3834 milium
1466 3793 1768 3853 passuum
1811 3775 2141 3836 intervallo
2190 3795 2227 3836 a
2278 3776 2561 3840 Saburra
