2734 4167
855 163 1079 217 ΟΟΜΜ.
1118 164 1169 216 I.
1221 163 1390 217 G'AP.
1430 164 1552 218 XX
1554 163 1880 219 VI—XXX.
2414 171 2493 233 25

219 327 402 390 ducti
455 327 540 389 ad
584 330 846 407 portum
884 325 1269 407 perveniunt
1311 328 1591 409 duasque
1630 312 1822 393 naues
1864 348 2012 390 cum
2038 328 2370 407 militibus,

222 445 384 505 quae
415 425 499 486 ad
528 425 724 486 moles
755 423 1032 487 Caesaris
1072 424 1505 501 adhaeserant,
1540 425 1790 506 scaphis
1820 425 2243 508 lintribusque
2282 447 2377 491 re-

222 521 659 601 prehendunt,
695 522 1098 601 reprehensas
1132 521 1479 602 excipiunt.
1570 522 1820 585 XXIX.
1871 522 2117 599 Caesar,
2150 524 2269 587 etsi
2297 526 2378 586 ad

225 636 407 697 spem
456 616 836 679 conficiendi
885 617 1126 698 negotii
1170 617 1445 679 maxime
1491 618 1797 698 probabat
1838 619 2069 680 coactis
2114 620 2379 684 navibus

225 733 403 776 mare
432 714 701 776 transire
729 717 794 776 et
836 713 1212 793 Pompeium
1239 714 1417 795 sequi
1438 703 1828 797 'priusquam
1869 715 1976 778 ille
2017 736 2148 779 sese
2175 719 2379 779 trans-
2462 722 2498 779 5

225 810 493 872 marinis
527 810 778 872 auxiliis
820 811 1241 886 confirmaret,
1277 813 1493 874 tamen
1534 811 1672 893 ejus
1720 812 1812 874 rei
1853 832 2095 874 moram
2138 816 2380 893 tempo-

225 907 442 986 risque
459 907 996 988 longinquitatem
1017 906 1304 983 timebat,
1328 907 1500 987 quod
1528 907 1822 969 omnibus
1850 908 2085 971 coactis
2111 909 2380 972 navibus
2467 973 2477 983 ,

228 1003 574 1083 Pompeius
617 1008 1014 1084 praesentem
1052 1004 1429 1065 facultatem
1472 1002 1846 1084 insequendi
1892 1004 1990 1065 sui
2035 1004 2373 1068 ademerat.
2407 1051 2412 1062 .

227 1100 735 1181 Relinquebatur
800 1103 878 1162 ut
946 1120 1022 1162 ex
1082 1099 1637 1181 longinquioribus
1704 1100 2069 1181 regionibus
2139 1100 2381 1166 Galliae

229 1197 578 1277 Picenique
606 1200 670 1259 et
711 1217 749 1259 a
775 1198 944 1259 freto
984 1215 1175 1258 naves
1216 1199 1423 1258 essent
1452 1198 1926 1277 exspectandae.
2017 1198 2096 1259 Id
2122 1203 2383 1279 propter
2424 1202 2514 1278 10,

229 1294 389 1355 anni
431 1297 683 1374 tempus
710 1294 979 1375 longum
1019 1295 1210 1374 atque
1258 1292 1644 1373 impeditum
1688 1293 2037 1356 videbatur.
2131 1295 2384 1359 Interea

225 1395 508 1471 veterem
544 1393 912 1469 exercitum,
948 1393 1104 1453 duas
1134 1390 1479 1471 Hispanias
1521 1392 1901 1469 confirmari,
1937 1413 2208 1474 quarum
2248 1397 2383 1456 erat

227 1490 434 1551 altera
474 1489 766 1551 maximis
805 1488 1127 1552 beneficiis
1165 1487 1451 1567 Pompeii
1494 1488 1808 1564 devincta,
1848 1490 2104 1566 auxilia,
2140 1490 2382 1571 equita-

226 1588 377 1684 tuyi
405 1586 633 1666 parari,
669 1585 942 1648 Galliam
971 1584 1349 1665 Italiamque
1378 1585 1615 1647 tentari
1644 1605 1708 1647 se
1736 1586 1994 1648 absente
2016 1587 2291 1649 nolebat.

314 1683 533 1746 XXX.
585 1684 808 1764 Itaque
865 1682 936 1744 in
989 1683 1344 1764 praesentia
1387 1682 1674 1763 Pompeii
1720 1683 2023 1763 sequendi
2073 1684 2383 1746 rationem
2426 1687 2501 1746 15

228 1781 499 1856 omittit,
522 1781 593 1842 in
618 1781 997 1861 Hispaniam
1025 1780 1339 1861 proficisci
1371 1780 1709 1842 constituit
1733 1803 1750 1859 3
1793 1780 2146 1843 duumviris
2173 1781 2382 1842 muni-

229 1879 548 1959 cipiorum
582 1878 871 1939 omnium
897 1878 1171 1958 imperat
1211 1880 1288 1939 ut
1315 1897 1505 1940 naves
1532 1876 1914 1958 conquirant
1942 1877 2384 1939 Brundisium-

229 1996 357 2056 que
403 1976 804 2037 deducendas
848 1977 1091 2037 curent.
1184 1974 1395 2035 Mittit
1443 1974 1513 2035 in
1561 1974 1919 2037 Sardiniam
1963 1961 2112 2036 cum
2139 1975 2383 2056 legione

227 2093 363 2134 una
406 2071 735 2134 Valerium
779 2073 1083 2152 legatum,
1118 2070 1187 2131 in
1232 2070 1517 2133 Siciliam
1548 2069 1890 2132 Curionem
1938 2090 2053 2151 pro
2098 2073 2383 2151 praetore

227 2190 383 2232 cum
429 2168 783 2250 legionibus
832 2184 937 2245 113
977 2168 1272 2243 eundem,
1327 2187 1478 2229 cum
1525 2166 1805 2230 Siciliam
1845 2166 2199 2247 recepisset,
2242 2188 2384 2248 pro-
2424 2170 2502 2229 20

226 2266 411 2328 tinus
465 2266 537 2326 in
594 2265 883 2327 Africam
915 2257 1269 2326 ⁴traducere
1323 2263 1675 2326 exercitum
1728 2264 1929 2345 jubet.
2024 2263 2383 2326 Sardiniam

229 2363 566 2425 obtinebat
595 2361 684 2423 M.
710 2361 920 2437 Cotta,
945 2360 1228 2423 Siciliam
1250 2360 1338 2423 M.
1373 2359 1530 2422 Cato
1555 2381 1572 2438 3
1615 2360 1904 2422 Africam
1932 2364 2099 2422 sorte
2130 2360 2380 2422 Tubero

230 2460 521 2522 obtinere
565 2458 851 2520 debebat.
943 2456 1309 2533 Caralitani,
1360 2456 1551 2518 simul
1594 2457 1679 2518 ad
1722 2477 1785 2519 se
1832 2456 2161 2519 Valerium
2210 2458 2382 2519 mitti

229 2557 600 2631 audierunt,
633 2556 924 2616 nondum
949 2555 1237 2634 profecto
1273 2574 1350 2615 ex
1381 2553 1591 2629 Italia,
1626 2574 1739 2615 sua
1766 2558 1991 2634 sponte
2022 2553 2278 2616 Cottam
2306 2575 2383 2617 ex

231 2652 469 2734 oppido
513 2650 800 2732 ejiciunt.
891 2650 1008 2712 Ille
1049 2648 1446 2731 perterritus,
1480 2649 1651 2729 quod
1693 2669 1947 2711 omnem
1986 2650 2383 2730 provinciam
2424 2655 2501 2714 25

231 2742 605 2813 consentire
649 2747 1077 2829 intellegebat,
1129 2767 1206 2809 ex
1264 2746 1558 2809 Sardinia
1609 2745 1680 2806 in
1724 2746 2013 2808 Africam
2068 2748 2374 2829 profugit.

235 2847 398 2908 Cato
438 2845 509 2905 in
553 2832 768 2907 Sicilia
807 2864 996 2906 naves
1023 2845 1244 2925 longas
1281 2846 1520 2906 veteres
1556 2842 1895 2918 reficiebat,
1929 2862 2121 2905 novas
2166 2842 2383 2906 civita-

232 2944 410 3005 tibus
447 2941 816 3022 imperabat.
906 2941 1084 3002 Haec
1128 2960 1358 3021 magno
1404 2938 1617 3001 studio
1662 2940 1908 3020 agebat.
1999 2939 2079 3001 In
2108 2940 2383 3002 Lucanis

236 3039 634 3119 Bruttiisque
683 3058 796 3118 per
842 3039 1084 3120 legatos
1142 3058 1286 3100 suos
1341 3035 1580 3100 civium
1624 3037 2056 3099 Romanorum
2105 3038 2384 3100 delectus

235 3135 532 3211 habebat,
552 3135 840 3215 equitum
868 3135 1283 3215 peditumque
1305 3136 1554 3195 certum
1580 3153 1920 3195 numerum
1948 3154 1986 3195 a
2014 3133 2382 3197 civitatibus
2425 3138 2503 3197 30

239 3233 493 3296 Siciliae
550 3232 855 3319 exigebat.
963 3232 1207 3306 Quibus
1259 3231 1448 3293 rebus
1501 3250 1699 3311 paene
1754 3231 2052 3311 perfectis
2107 3232 2384 3296 adventu

238 3328 537 3392 Curionis
593 3330 847 3411 cognito
907 3329 1194 3410 queritur
1236 3329 1307 3389 in
1358 3329 1656 3391 contione
1712 3348 1842 3390 sese
1896 3328 2256 3409 projectum
2310 3350 2383 3391 ac

234 3426 569 3508 proditum
597 3445 635 3487 a
663 3424 780 3487 Cn.
817 3413 1140 3506 PompeiO,
1176 3425 1285 3506 qui
1315 3424 1611 3487 omnibus
1651 3425 1837 3487 rebus
1877 3423 2383 3504 imparatissimis

234 3545 367 3586 non
411 3522 833 3585 necessarium
860 3522 1096 3584 bellum
1142 3521 1512 3601 suscepisset
1556 3524 1621 3583 et
1661 3521 1738 3581 ab
1781 3541 1845 3582 se
1888 3519 2265 3600 reliquisque
2313 3521 2383 3581 in

234 3624 464 3685 senatu
492 3619 919 3700 interrogatus
948 3618 1162 3679 omnia
1190 3618 1309 3679 sibi
1340 3636 1472 3678 esse
1500 3618 1580 3677 ad
1606 3617 1846 3678 bellum
1874 3617 2024 3696 apta
2063 3635 2137 3677 ac
2163 3620 2384 3696 parata
2424 3612 2501 3677 35

233 3715 757 3783 confirmavisset.
827 3715 1001 3776 Haec
1029 3714 1099 3774 in
1127 3713 1425 3794 contione
1448 3716 1704 3791 questus
1731 3732 1807 3774 ex
1833 3711 2158 3793 provincia
2182 3712 2375 3792 fugit.

1159 3854 1189 3926 ἡ
