2734 4167
346 235 424 293 90
559 208 577 232 ⁰
1125 229 1242 280 DE:
1278 230 1530 282 BELLo
1579 231 1832 285 OJVJLI

461 413 610 454 cum
649 392 1001 473 legionibus
1045 391 1410 455 Gaesarem:
1459 395 1827 472 properaret
1876 396 1958 456 ad
2005 414 2069 456 se
2120 415 2266 457 cum
2316 397 2601 471 exercitu

461 490 673 553 venire
715 490 1067 570 omniaque
1076 490 1496 570 posthaberet.
1591 489 1713 552 His
1739 491 1969 552 litteris
1997 493 2273 571 acceptis
2302 513 2462 572 quos
2492 495 2601 555 ad-

461 590 789 649 vocaverat
830 584 1142 664 dimittit3
1191 586 1324 665 ipse
1364 584 1488 652 iter
1526 585 1595 646 in
1627 586 2064 647 Macedoniam
2105 607 2324 667 parare
2368 589 2603 669 incipit
2729 642 2730 647 ,

461 683 799 764 paucisque
846 686 990 762 post
1038 682 1257 744 diebus
1312 685 1407 744 est
1454 682 1795 761 profectus.
1907 683 2082 744 Haec
2138 703 2234 744 res
2284 684 2601 763 Ephesiae

383 785 420 842 5
461 779 765 861 pecuniae
793 780 1061 841 salutem
1089 778 1330 841 attulit.

312 908 349 971 s
388 850 427 918 s
542 876 850 939 XXXIV.
905 876 1129 938 Caesar
1149 874 1396 937 Antoni
1455 876 1699 938 xercitu
1723 876 2089 957 conjunct0‚
2111 878 2387 939 deducta
2410 877 2600 939 Orico

460 972 704 1054 legione
747 992 937 1054 quam
979 974 1251 1034 tuendae
1293 992 1436 1034 orae
1478 972 1832 1034 maritimae
1876 992 2061 1034 causa
2100 977 2418 1053 posuerat,
2462 977 2601 1037 ten-

461 1071 684 1132 tandas
712 1070 830 1131 sibi
857 1070 1210 1149 provincias
1237 1070 1612 1152 longiusque
1639 1070 2111 1149 procedendum
2152 1069 2559 1132 existimabat
2582 1093 2602 1149 ;

462 1170 525 1228 et
554 1186 700 1228 cum
728 1168 809 1227 ad
837 1186 983 1228 eum
1026 1186 1103 1228 ex
1133 1166 1457 1229 Thessalia
1483 1164 1857 1246 Aetoliaque
1884 1166 2078 1247 legati
2113 1167 2452 1248 venissent,
2488 1168 2602 1248 qui
2729 1184 2730 1187 ’

342 1267 420 1324 10
461 1263 769 1344 praesidio
818 1264 1006 1325 misso
1054 1264 1507 1344 pollicerentur
1554 1282 1770 1325 earum
1818 1262 2108 1344 gentium
2152 1264 2438 1326 civitates
2480 1264 2602 1326 im-

460 1364 679 1441 perata
704 1361 1003 1436 facturae,
1034 1362 1104 1423 L.
1133 1361 1418 1423 Cassium
1441 1360 1808 1444 Longinum
1837 1381 1984 1422 cum
2012 1360 2256 1442 legione
2286 1362 2596 1439 tironum,

461 1479 619 1538 quae
661 1459 1096 1538 appellabatur
1123 1475 1349 1534 XXVII,
1386 1460 1575 1538 atque
1620 1456 1941 1538 equitibus
1970 1473 2047 1518 cc
2075 1456 2145 1517 in
2177 1457 2592 1534 Thessaliam,

464 1554 531 1617 O.
566 1554 909 1616 Calvisium
933 1555 1238 1617 Sabinum
1268 1576 1416 1617 cum
1445 1553 1809 1617 cohortibus
1829 1571 1877 1616 v
1904 1554 2245 1634 paucisque
2274 1555 2599 1635 equitibus

460 1652 528 1712 in
557 1651 874 1713 Aetoliam
915 1651 1132 1730 misit3
1182 1652 1454 1737 maxime
1483 1672 1605 1726 eOS,
1640 1651 1808 1732 quod
1847 1653 2027 1713 erant
2067 1650 2459 1730 propinquae
2502 1671 2597 1713 re-

341 1751 416 1809 15
459 1748 694 1828 giones,
729 1748 806 1809 de
833 1767 900 1809 re
927 1747 1346 1809 frumentaria
1386 1750 1463 1808 ut
1490 1747 1895 1827 providerent
1936 1746 2230 1808 hortatus
2265 1750 2377 1808 est.
2473 1747 2588 1810 On.

460 1843 819 1904 Domitium
851 1843 1190 1905 Calvinum
1236 1864 1386 1906 cum
1428 1842 1783 1924 legionibus
1828 1843 2095 1919 duabus,
2131 1861 2210 1904 XI
2253 1847 2317 1905 et
2360 1861 2489 1920 XII,
2532 1846 2597 1906 et

421 1939 775 2020 'equitibus
831 1957 876 2000 D
932 1940 1001 2000 111
1058 1940 1499 2002 Macedoniam
1554 1938 1870 2019 proficisci
1924 1939 2153 2018 jussit3
2218 1940 2403 2021 cujus
2453 1961 2596 2021 pro-

458 2036 701 2099 vinciae
756 2038 834 2098 ab
884 2057 958 2099 ea
998 2040 1178 2117 parte
1221 2055 1381 2117 quae
1429 2036 1627 2098 libera
1667 2036 2102 2126 appellabatur
2159 2036 2592 2112 MenedemuS,

457 2133 747 2213 princeps
788 2153 1005 2194 earum
1045 2133 1400 2214 regionum,
1434 2132 1660 2194 missus
1701 2132 1967 2213 legatus,
2004 2131 2293 2193 omnium
2336 2153 2601 2194 suorum

338 2233 416 2291 20
458 2231 766 2292 excellens
816 2230 1105 2292 studium
1152 2229 1587 2309 profitebatur.
1678 2229 1955 2291 XXXV.
2006 2229 2107 2289 Ex
2133 2228 2235 2290 his
2284 2229 2602 2292 Calvisius
2729 2240 2730 2257 ³

456 2326 663 2406 primo
691 2328 970 2388 adventu
1014 2345 1263 2387 summa
1305 2326 1595 2386 omnium
1623 2325 1998 2387 Aetolorum
2038 2329 2331 2405 receptus
2370 2327 2603 2390 volun-

455 2427 606 2498 tate,
628 2444 665 2484 a
685 2423 1012 2503 praesidiis
1030 2422 1530 2484 adversariorum
1554 2421 1873 2505 Calydone
1902 2425 1967 2485 et
1995 2422 2330 2503 Naupacto
2358 2424 2604 2487 relictis

457 2520 631 2580 omni
655 2519 906 2581 Aetolia
926 2520 1172 2600 potitus
1200 2521 1313 2581 est.
1382 2518 1633 2581 Cassius
1660 2520 1731 2579 in
1749 2519 2140 2580 Thessaliam
2169 2538 2319 2581 cum
2347 2520 2602 2601 legion‘e

456 2616 762 2696 pervenit.
854 2617 982 2679 Hic
1027 2637 1174 2679 cum
1219 2618 1427 2703 Qt
1470 2616 1778 2677 factiones
1822 2617 2003 2691 duae,
2048 2615 2221 2678 varia
2262 2616 2601 2680 voluntate

335 2716 413 2774 25
458 2711 791 2775 civitatum
840 2714 1181 2775 utebatur:
1231 2713 1667 2795 HegesaretOS,
1720 2711 1950 2775 veteris
2005 2712 2196 2772 homo
2245 2713 2595 2792 potentiae,

459 2806 858 2888 Pompeianis
912 2810 1097 2871 rebus
1145 2810 1482 2887 studebat3
1526 2810 1848 2885 PetraeuS,
1902 2828 2184 2871 summae
2240 2809 2603 2873 nobilitatis

457 2905 832 2981 adolescens,
868 2906 995 2967 suis
1023 2927 1094 2968 ac
1123 2926 1382 2968 suorum
1410 2907 1635 2986 opibus
1667 2905 1996 2970 Gaesarem
2024 2905 2208 2968 enixe
2233 2907 2519 2987 juvabat.

538 3002 846 3064 XXXVI.
899 3003 1263 3082 Eodemque
1319 3005 1602 3082 tempore
1648 3002 1973 3063 Domitius
2029 3001 2099 3062 in
2155 3002 2602 3067 Macedoniam

456 3099 672 3176 venit,
717 3102 779 3160 et
808 3118 957 3159 cum
999 3100 1081 3161 ad
1122 3119 1269 3161 eum
1296 3099 1658 3181 frequentes
1700 3098 2037 3161 civitatum
2062 3098 2404 3180 legationes
2447 3120 2603 3161 con-

336 3198 415 3256 30
456 3196 667 3257 venire
718 3194 1089 3285 coepissent,
1121 3196 1497 3257 nuntiatum
1541 3198 1635 3258 est
1677 3196 1889 3257 adesse
1919 3193 2281 3275 Scipionem
2327 3214 2476 3257 cum
2505 3196 2601 3259 le-

457 3291 767 3372 gionibus,
794 3312 1026 3373 magna
1053 3292 1350 3373 opinione
1379 3296 1443 3353 et
1468 3293 1643 3354 fama
1670 3291 1963 3352 omnium
1987 3312 2006 3369 3
2034 3312 2186 3352 nam
2215 3293 2602 3374 plerumque

455 3388 526 3449 in
552 3388 833 3451 novitate
877 3409 1011 3450 rem
1054 3389 1230 3450 fama
1272 3389 1610 3450 antecedit.
1702 3389 1828 3449 Hic
1873 3389 2052 3449 nullo
2090 3388 2162 3449 in
2206 3390 2344 3450 loco
2385 3390 2602 3453 Mace·
2729 3396 2730 3449 4

456 3484 681 3547 doniae
730 3488 1011 3546 moratus
1059 3504 1290 3567 magno
1346 3483 1594 3565 impetu
1638 3485 1916 3546 tetendit
1965 3485 2047 3545 ad
2092 3484 2456 3546 Domitium
2503 3489 2593 3562 et,

456 3602 603 3663 cum
631 3583 710 3643 ab
739 3602 810 3644 eo
851 3583 1030 3643 milia
1059 3602 1359 3661 passuum
1389 3599 1489 3643 XX
1507 3583 1798 3663 afuisset,
1834 3582 2043 3644 subito
2088 3602 2150 3644 se
2193 3584 2274 3643 ad
2304 3582 2600 3646 Cassium
2729 3564 2730 3641 ξ

337 3679 413 3736 35
457 3676 824 3756 Longinum
878 3678 948 3738 in
1003 3678 1396 3741 Thessaliam
1451 3679 1782 3741 convertit.
1901 3679 2042 3741 Hoc
2097 3680 2251 3740 adeo
2308 3681 2601 3743 celeriter

456 3771 632 3847 fecit,
664 3775 740 3832 ut
781 3772 970 3833 simul
1013 3775 1224 3837 adesse
1265 3778 1331 3836 et
1358 3775 1573 3837 venire
1615 3774 2046 3851 nuntiaretur,
2079 3778 2144 3836 et
2185 3796 2311 3855 quo
2339 3776 2463 3838 iter
2490 3797 2600 3840 ex-
