2734 4167
839 181 1068 235 COMM.
1105 183 1156 235 I.
1209 181 1377 234 GAP.
1417 182 1905 237 XXIII—XXVI.
2422 186 2499 245 23

234 345 570 408 Brundisii
621 364 770 408 cum
818 345 1187 407 cohortibus
1235 344 1513 425 viginti;
1566 364 1771 425 neque
1820 348 2066 407 certum
2112 343 2383 407 inveniri

234 446 509 523 poterat,
566 442 981 519 obtinendine
1031 432 1358 503 Brundisii
1416 460 1604 504 causa
1652 441 1739 501 ibi
1785 441 2203 517 remansisset,
2259 462 2383 522 quo

234 539 490 601 facilius
535 558 726 600 omne
774 538 1225 603 Hadriaticum
1273 557 1445 600 mare
1492 538 1787 600 extremis
1831 537 2053 599 Italiae
2097 537 2385 617 partibus

233 636 730 717 regionibusque
775 634 1071 698 Graeciae
1099 636 1168 696 in
1195 638 1508 715 potestate
1564 634 1824 696 haberet
1866 637 2055 714 atque
2096 654 2174 697 ex
2213 639 2385 696 utra-

235 753 359 814 que
411 736 597 813 parte
652 732 892 794 bellum
947 733 1387 794 administrare
1442 735 1671 811 posset,
1723 751 1806 792 an
1851 731 2070 812 inopia
2123 732 2383 793 navium
2468 735 2504 795 5

233 829 326 891 ibi
375 829 750 907 restitisset3
791 829 1152 909 veritusque
1193 849 1274 891 ne
1323 830 1431 891 ille
1477 829 1733 889 Italiam
1762 828 2214 891 dimittendam
2254 849 2385 889 non

232 925 649 1001 existimaret,
698 925 905 987 exitus
937 926 1668 1006 ,administrationesque
1730 925 2101 986 Brundisini
2164 930 2386 1007 portus

232 1020 548 1102 impedire
590 1021 894 1084 instituit.
987 1023 1272 1097 Quorum
1314 1042 1577 1103 operum
1606 1022 1761 1084 haec
1802 1025 1935 1084 erat
1977 1022 2156 1085 ratio,
2249 1022 2387 1096 Qua

232 1119 448 1181 fauces
497 1121 680 1181 erant
722 1119 1202 1199 angustissimae
1230 1122 1473 1199 portus,
1510 1119 1707 1180 moles
1748 1122 1935 1200 atque
1975 1138 2267 1200 aggerem
2308 1120 2386 1181 ab

231 1219 504 1297 utraque
552 1218 734 1295 parte
776 1215 979 1277 litoris
1015 1216 1307 1297 jaciebat,
1359 1216 1529 1296 quod
1570 1214 1671 1277 his
1711 1215 1865 1277 locis
1908 1218 2043 1278 erat
2082 1218 2388 1278 vadosum
2430 1218 2507 1277 10

234 1332 425 1375 mare.
519 1312 805 1394 Longius
860 1332 1244 1395 progressus,
1306 1298 1456 1374 cum
1512 1332 1701 1393 agger
1747 1312 1969 1374 altiore
2023 1332 2187 1393 aqua
2242 1332 2389 1375 con-

230 1409 426 1471 tineri
467 1429 603 1469 non
644 1413 872 1489 posset,
908 1414 1070 1472 rates
1114 1410 1401 1491 duplices
1442 1429 1911 1490 quoquoversus
1952 1410 2190 1490 pedum
2240 1426 2387 1471 xxx

233 1526 269 1570 6
299 1500 582 1589 'regione
625 1506 808 1567 molis
849 1508 1212 1569 collocabat.
1305 1508 1443 1568 Has
1484 1507 1808 1587 quaternis
1850 1508 2096 1570 ancoris
2142 1527 2218 1570 ex
2266 1524 2389 1567 1111

233 1602 489 1685 angulis
563 1602 941 1680 destinabat,
1008 1624 1088 1666 ne
1157 1604 1457 1665 fluctibus
1527 1608 1950 1667 moverentur.
2058 1604 2179 1665 His
2247 1623 2387 1683 per-

215 1700 418 1762 .fectis
461 1700 908 1782 collocatisque
965 1701 1119 1763 alias
1176 1701 1473 1780 deinceps
1518 1700 1665 1780 pari
1723 1702 2167 1782 magnitudine
2221 1704 2387 1762 rates
2431 1704 2507 1761 15

231 1796 568 1878 jungebat.
661 1798 796 1859 Has
852 1801 1019 1859 terra
1087 1800 1277 1877 atque
1349 1817 1574 1878 aggere
1629 1797 1975 1879 integebat,
2038 1817 2119 1859 ne
2176 1798 2387 1859 aditus

231 1896 422 1974 atque
451 1893 748 1956 incursus
776 1894 857 1954 ad
879 1894 1362 1967 ‚defendendum
1397 1893 1814 1972 impediretur
1838 1916 1855 1972 ;
1897 1915 1934 1955 a
1962 1894 2171 1956 fronte
2201 1896 2390 1973 atque

229 1990 312 2051 ab
337 1992 618 2070 utroque
645 1991 837 2053 latere
883 1990 1163 2051 cratibus
1205 2010 1278 2051 ac
1319 1989 1555 2070 pluteis
1599 1992 1968 2071 protegebat
1994 2012 2013 2068 ;
2052 1990 2123 2050 in
2165 1996 2391 2071 quarta

230 2106 484 2167 quaque
531 2106 750 2148 earum
799 2089 1004 2148 turres
1047 2085 1348 2147 binorum
1392 2086 1825 2147 tabulatorum
1875 2087 2212 2162 excitabat,
2264 2107 2389 2167 quo

231 2182 634 2244 commodius
703 2183 781 2244 ab
849 2182 1096 2263 impetu
1165 2182 1428 2245 navium
1488 2182 1924 2263 incendiisque
1990 2184 2378 2245 defenderet.
2430 2186 2508 2245 20

232 2277 487 2341 XXVI.
527 2278 768 2341 Contra
794 2280 950 2341 haec
981 2279 1320 2360 Pompeius
1349 2299 1541 2341 naves
1571 2300 1834 2362 magnas
1864 2280 2199 2355 onerarias„
2234 2300 2389 2359 quas

229 2375 305 2437 in
355 2379 552 2455 portu
598 2376 985 2439 Brundisino
1028 2378 1547 2457 deprehenderat,
1582 2378 1948 2440 adornabat.
2039 2377 2138 2439 Ibi
2183 2380 2389 2438 turres

234 2492 390 2534 cum
442 2472 644 2534 ternis
689 2473 991 2535 tabulatis
1050 2472 1331 2553 erigebat
1388 2494 1611 2555 easque
1666 2473 1887 2535 multis
1942 2473 2277 2535 tormentis
2326 2480 2389 2535 et

234 2568 416 2629 omni
445 2587 676 2650 genere
698 2570 974 2631 telorum
1002 2570 1346 2649 completas
1375 2570 1457 2631 ad
1485 2591 1674 2650 opera
1697 2570 1976 2633 Caesaris
2006 2569 2380 2649 appellebat,

233 2670 314 2727 ut
356 2668 524 2728 rates
551 2669 988 2746 perrumperet
1017 2654 1441 2747 atque'opera
1469 2667 1874 2729 disturbaret.
1967 2665 2071 2728 Sic
2106 2665 2389 2746 quotidie
2430 2669 2507 2729 25

236 2762 566 2844 utrimque
622 2762 871 2825 eminus
927 2763 1170 2838 fundiS,
1226 2762 1477 2844 sagittis
1524 2763 1903 2843 reliquisque
1952 2762 2096 2824 telis
2144 2782 2389 2843 pugna-

237 2860 454 2923 batur.
547 2857 760 2939 Atque
788 2859 945 2922 haec
968 2859 1195 2921 Caesar
1221 2858 1315 2920 ita
1343 2859 1852 2934 administrabat,
1885 2862 1962 2920 ut
1990 2858 2389 2922 condiciones

239 2955 415 3037 pacis
459 2954 877 3018 dimittendas
919 2976 1051 3017 non
1101 2954 1533 3033 existimaret3
1576 2976 1649 3017 ac
1703 2955 1954 3018 tametsi
2010 2975 2389 3037 magnopere

241 3052 681 3115 admirabatur
726 3051 1037 3133 Magium,
1088 3072 1277 3132 quem
1323 3053 1405 3113 ad
1452 3052 1831 3132 Pompeium
1879 3072 2027 3114 cum
2071 3052 2389 3113 mandatis

241 3150 524 3225 miserat,
559 3149 641 3209 ad
689 3168 753 3211 se
796 3169 926 3210 non
968 3148 1232 3225 remitti,
1267 3151 1457 3229 atquc
1500 3170 1571 3211 ea
1612 3170 1709 3211 res
1754 3169 1935 3229 saepe
1980 3151 2227 3224 tentata
2271 3149 2388 3210 etsi
2432 3152 2508 3211 30

241 3247 522 3326 impetus
565 3246 703 3325 ejus
745 3245 1130 3325 consiliaque
1157 3246 1471 3320 tardabat,
1505 3250 1719 3307 tamen
1762 3245 2055 3306 omnibus
2098 3245 2283 3306 rebus
2320 3244 2391 3305 in

243 3362 319 3404 eo
365 3342 893 3421 perseverandum
936 3341 1224 3421 putabat.
1318 3340 1542 3421 Itaque
1590 3339 1932 3403 Caninium
1968 3340 2261 3402 Rebilum
2305 3340 2391 3402 le-

241 3440 491 3519 gatum,
524 3436 904 3499 familiarem
944 3436 1488 3517 necessariumque
1532 3436 1818 3499 Scriboni
1870 3436 2150 3510 Libonis,
2183 3436 2391 3497 mittit

242 3534 330 3597 ad
355 3554 505 3598 eum
547 3532 842 3615 colloquii
873 3554 1059 3596 causa
1083 3556 1100 3611 3
1143 3534 1408 3594 mandat
1435 3536 1510 3593 ut
1540 3532 1848 3594 Libonem
1876 3532 1953 3593 de
1996 3531 2392 3594 concilianda

241 3650 398 3713 pace
439 3631 736 3693 hortetur
763 3653 782 3709 ;
823 3630 1140 3711 imprimis
1185 3633 1261 3691 ut
1303 3630 1437 3709 ipse
1480 3648 1627 3690 cum
1668 3628 1972 3708 Pompeio
2013 3628 2390 3705 colloquere-
2431 3630 2507 3689 35

240 3732 358 3790 tur
395 3727 724 3809 postulat3
765 3745 1146 3808 magnopere
1189 3744 1318 3787 sese
1359 3724 1673 3785 confidere
1715 3722 2127 3793 demonstrat,
2162 3720 2214 3780 si
2252 3721 2390 3798 ejus
