2734 4167
273 153 390 266 112
1024 194 1143 246 DE
1180 193 1449 247 BELLo
1496 194 1759 246 CIVILI

387 361 724 440 portasque
751 344 1104 436 praecludit
1131 359 1196 420 et
1237 358 1318 418 ad
1347 357 1708 437 Scipionem
1737 356 2237 438 Pompeiumque
2265 356 2530 418 nuntios

389 454 617 530 mittit,
649 456 727 514 ut
754 452 874 515 sibi
920 453 1199 516 subsidio
1239 453 1540 516 veniant:
1582 473 1646 516 se
1695 454 2009 516 confidere
2056 453 2529 515 munitionibus

388 549 629 629 oppidi,
663 549 717 610 si
745 549 1031 612 celeriter
1057 553 1501 628 succurratur3
1540 549 1955 632 longinquam
1984 549 2529 633 oppugnationem

389 645 695 708 sustinere
723 666 854 707 non
881 665 1076 727 posse.
1169 645 1380 727 Scipio
1409 647 1681 709 discessu
1710 647 2106 710 exercituum
2132 648 2212 710 ab
2241 647 2527 728 Dyrrha-

295 748 346 852 ᾗ
389 743 532 806 chio
561 742 816 824 cognito
836 744 1119 805 Larisam
1146 743 1424 824 legiones
1453 745 1839 806 adduxerat·
1822 743 2210 825 ,Pompeius
2237 745 2530 805 nondum

0 908 4 915 ⁵
81 864 119 897 w.
185 876 235 904 .=
281 849 378 896 ἐκ..
391 839 744 902 Thessaliae
799 840 1365 920 appropinquabat.
1460 839 1685 902 Caesar
1740 840 1960 904 castris
2015 841 2283 904 munitis
2332 841 2529 902 scalas

241 933 356 973 2*-
387 936 827 1016 musculosque
875 937 955 996 ad
1003 935 1401 1016 repentinam
1451 936 1994 1018 oppugnationem
2039 937 2175 1000 fieri
2218 939 2284 999 et
2325 939 2527 1000 crates

388 1007 828 1113 parari-jussit.
901 1032 1144 1107 Quibus
1172 1033 1357 1094 rebus
1386 1032 1626 1096 effectis
1654 1033 2022 1095 cohortatus
2050 1034 2286 1097 milites
2308 1035 2528 1098 docuit

389 1135 702 1212 quantum
728 1149 916 1191 usum
944 1129 1200 1192 haberet
1243 1131 1323 1190 ad
1365 1131 1816 1192 sublevandam
1859 1130 2149 1192 omnium
2176 1151 2389 1194 rerum
2429 1133 2526 1194 in-

268 1227 346 1287 10
387 1225 599 1305 opiam
645 1226 838 1306 potiri
888 1226 1120 1305 oppido
1171 1226 1358 1306 pleno
1408 1229 1596 1307 atque
1653 1228 1975 1307 opulent0,
2027 1227 2216 1289 simul
2264 1228 2527 1309 reliquis

387 1322 750 1385 civitatibus
777 1323 975 1403 hujus
1018 1322 1192 1384 urbis
1234 1324 1521 1402 exemplo
1561 1323 1797 1386 inferre
1825 1328 2129 1387 terrorem
2172 1326 2237 1386 et
2276 1323 2345 1384 id
2387 1324 2526 1386 fieri

387 1420 690 1494 celeriter,
723 1419 1094 1499 priusquam
1135 1419 1373 1480 auxilia
1413 1424 1875 1483 concurrerent.
1905 1473 1911 1480 .
1967 1420 2191 1501 Itaque
2218 1440 2371 1482 usus
2398 1421 2527 1482 sin·
2613 1501 2623 1512 Ι

387 1515 592 1596 gulari
633 1515 916 1576 militum
965 1515 1178 1577 studio
1225 1517 1445 1578 eodem
1495 1537 1619 1596 quo
1667 1522 1923 1579 venerat
1971 1515 2074 1578 die
2115 1519 2260 1596 post
2301 1517 2527 1579 horam

292 1647 297 1650 -
385 1632 624 1674 nonam
665 1612 975 1693 oppidum
1019 1613 1340 1675 altissimis
1388 1614 1719 1676 moenibus
1767 1618 2133 1694 oppugnare
2174 1633 2520 1696 aggressus,

269 1712 345 1770 15
387 1712 535 1771 ante
575 1708 722 1770 solis
764 1729 1054 1772 occasum
1099 1710 1488 1791 expugnavit
1526 1713 1589 1772 et
1631 1711 1712 1770 ad
1739 1709 2170 1790 diripiendum
2210 1711 2528 1775 militibus

387 1806 710 1882 concessit,
745 1806 1084 1886 statimque
1126 1807 1204 1868 ab
1247 1805 1480 1886 oppido
1524 1809 1726 1868 castra
1774 1807 1974 1868 movit
2009 1810 2074 1870 et
2116 1807 2526 1888 Metropolim

386 1903 580 1980 venit,
609 1904 696 1966 sic
722 1907 799 1966 ut
820 1905 1078 1966 nuntios
1101 1903 1447 2012 expugnati
1470 1903 1689 1984 oppidi
1710 1904 2073 2012 famamque
2094 1905 2514 1968 antecederet.

388 1999 695 2066 LXXXI.
766 2000 1206 2081 Metropolitae
1253 2000 1537 2081 primum
1564 2001 1782 2062 eodem
1829 1999 1931 2062 usi
1987 2001 2247 2063 consilio
2296 2000 2525 2062 iisdem

385 2095 656 2178 permoti
685 2097 1042 2159 rumoribus
1069 2100 1282 2177 portas
1311 2098 1672 2158 clauserunt
1701 2116 2037 2177 murosque
2066 2095 2324 2158 armatis
2352 2115 2523 2158 com·
2532 2130 2537 2134 >

267 2197 348 2257 20
387 2195 756 2274 pleverunt3
799 2195 906 2256 sed
933 2195 1147 2274 postea
1187 2213 1335 2256 casu
1379 2193 1653 2255 civitatis
1684 2193 2105 2274 Gomphensis
2145 2192 2400 2280 cognito
2443 2212 2523 2255 ex

368 2291 653 2370 'captivis
681 2310 837 2371 quos
869 2290 1092 2353 Caesar
1111 2291 1192 2352 ad
1229 2310 1487 2352 murum
1516 2290 1955 2370 producendos
1996 2292 2342 2366 curaverat,
2376 2309 2523 2369 por-

387 2390 484 2448 tas
531 2389 932 2467 aperuerunt.
1024 2386 1268 2461 Quibus
1309 2385 1791 2468 diligentissime
1842 2385 2243 2462 conservatis,
2293 2386 2527 2448 collata

387 2485 648 2546 fortuna
675 2483 1156 2563 Metropolitum
1193 2503 1340 2544 cum
1383 2503 1529 2546 casu
1562 2482 2085 2563 Gomphensium,
2118 2483 2298 2544 nulla
2326 2482 2522 2545 Thes-

389 2581 575 2644 saliae
604 2579 735 2641 fuit
776 2579 998 2641 civitas
1023 2583 1285 2659 'praeter
1312 2579 1653 2656 Larisaeos,
1689 2579 1797 2660 qui
1846 2579 2093 2662 magnis
2142 2579 2523 2643 exercitibus

267 2681 345 2740 25
390 2675 701 2755 Scipionis
744 2676 1143 2752 tenebantur,
1179 2677 1334 2757 quin
1366 2677 1613 2740 Caesari
1642 2668 1935 2756 parerent
1976 2678 2167 2756 atque
2208 2675 2523 2756 imperata

387 2773 686 2835 facerent.
779 2773 894 2834 Ille
936 2773 1238 2835 idoneum
1275 2773 1491 2834 'locum
1534 2772 1602 2834 in
1650 2771 1817 2853 agris
1864 2775 2090 2834 nactus
2138 2771 2343 2852 plenis
2382 2773 2520 2838 fru—

387 2872 770 2945 mentorum,
803 2889 961 2950 quae
1003 2883 1198 2949 prope
1227 2869 1361 2950 jam
1404 2871 1653 2930 matura
1680 2871 1893 2944 erant,
1914 2869 2005 2930 ibi
2035 2869 2383 2930 adventum
2412 2887 2515 2930 ex·
2553 2861 2559 2866 ’

387 2969 665 3046 spectare
723 2965 1009 3047 Pompeii
1078 2985 1272 3046 eoque
1342 2984 1599 3027 omnem
1654 2965 1800 3028 belli
1856 2965 2170 3028 rationem
2225 2965 2517 3055 conferre

387 3063 742 3125 constituit.

266 3163 347 3222 30
468 3161 809 3222 LXXXII.
876 3159 1214 3240 Pompeius
1269 3159 1488 3239 paucis
1542 3163 1685 3239 post
1734 3160 1955 3222 diebus
2009 3159 2080 3221 in
2130 3158 2521 3222 Thessaliam

387 3259 675 3338 pervenit
703 3258 1232 3338 contionatusque
1273 3259 1447 3338 apud
1475 3260 1781 3319 cunctum
1824 3233 2174 3322 exercitum
2214 3257 2343 3320 suis
2384 3257 2521 3351 agit

385 3353 639 3435 gratias,
677 3353 990 3434 Scipionis
1031 3353 1270 3415 milites
1318 3353 1691 3414 cohortatur
1736 3356 1813 3414 ut
1860 3357 2043 3434 parta
2081 3355 2217 3436 jam
2255 3346 2522 3419 victoria

385 3453 652 3531 praedae
701 3471 774 3514 ac
822 3451 1246 3532 praemiorum
1296 3451 1499 3514 velint
1547 3471 1675 3514 esse
1717 3451 2077 3531 participes,
2125 3451 2544 3533 receptisque.

386 3547 724 3609 omnibus'
706 3568 775 3608 m
805 3567 934 3609 una
961 3549 1166 3608 castra
1192 3547 1546 3628 legionibus
1588 3567 1777 3609 suum
1819 3567 1967 3608 cum
1998 3547 2293 3628 Scipione
2321 3548 2521 3609 hono-

266 3644 342 3702 35
384 3661 521 3702 rem
569 3643 846 3723 partitur
891 3643 1346 3738 classicumque
1396 3646 1567 3724 apud
1617 3664 1763 3707 eum
1813 3643 1955 3706 cani
2004 3647 2067 3706 et
2108 3645 2380 3707 alterum
2422 3645 2521 3706 illi

387 3735 568 3815 jubet
607 3737 994 3817 praetorium
1032 3724 1229 3848 tendi.
1321 3739 1550 3804 Auctis
1590 3741 1790 3821 copiis
1820 3740 2106 3823 Pompeii
2148 3742 2520 3824 duobusque
