2734 4167
279 208 396 266 116
1036 199 1154 251 DE
1192 199 1459 252 BELLo
1508 200 1773 315 CIVILg
1899 234 1988 319 ,ἦ
2061 250 2072 277 ,
2213 242 2258 333 L
2543 276 2584 307 Α

1751 318 1770 339 ».
2001 288 2196 343 wne,
2261 276 2506 333 2„¹.‹.=
2605 298 2698 331 u...

396 366 636 443 frustra
689 363 1046 426 confirmari
1101 363 1453 426 videbatur.
1566 360 2005 428 LXXXVIII.
2080 352 2322 461 anff‘ar,
2380 385 2533 428 cum

401 461 684 540 Pompeii
706 460 924 522 castris
945 459 1837 567 appropinquassetka-dwhunc
1865 462 2360 617 wem
2388 462 2531 543 ejus

399 557 779 636 instructam
821 556 1293 618 animadvertit.
1385 555 1591 617 Erant
1632 557 1702 615 in
1740 556 1862 618 sini
1925 578 1995 619 ro
2024 578 2222 619 cornu
2250 557 2532 639 legiones

400 655 561 716 duae
582 653 854 714 traditae
876 672 914 713 a
933 652 1194 715 Caesare
1215 651 1404 713 initio
1420 651 1821 713 dissensionis
1850 673 1925 713 ex
1946 653 2490 715 senatusconsulto
2512 674 2533 729 3

320 754 356 813 5
401 769 670 831 quarum
712 769 844 810 una
883 748 1109 828 prima,
1160 749 1358 810 altera
1385 748 1576 810 tertia
1616 749 2068 829 appellabatur.
2168 751 2249 825 In
2277 769 2350 812 eo
2390 750 2532 811 loco

400 846 532 925 ipse
574 847 709 907 erat
754 844 1111 924 Pompeius
1207 844 1487 905 Mediam
1515 844 1715 908 aciem
1755 843 2142 924 Scipiocum
2169 844 2533 926 legionibus

402 942 671 1024 Syriacis
693 942 968 1005 tenebat.
1045 941 1395 1003 Ciliciensis
1415 942 1580 1024 legio
1610 943 1956 1024 conjuncta
1983 961 2132 1004 cum
2160 941 2536 1004 cohortibus
2623 942 2734 1065 ΥΒ

402 1038 726 1118 HispaniS,
778 1058 932 1119 quas
979 1038 1306 1102 traductas
1356 1042 1435 1101 ab
1484 1040 1753 1103 Airanio
1803 1039 2155 1116 docuimus,
2188 1039 2259 1100 in
2309 1039 2560 1101 dextro·
2659 1090 2692 1133 χ

400 1154 597 1196 cornu
627 1138 808 1197 erant
837 1135 1193 1198 collocatae.
1279 1136 1414 1198 Has
1435 1137 1825 1199 firmissimas
1855 1157 1917 1198 se
1940 1136 2168 1198 habere
2192 1135 2537 1215 Pompeius

284 1235 359 1293 10
401 1231 818 1293 existimabat.
912 1232 1206 1312 Reliquas
1255 1233 1424 1297 inter
1472 1235 1672 1297 aciem
1727 1233 2003 1296 mediam
2053 1252 2414 1313 cornuaque
2442 1233 2541 1294 in·
2627 1230 2670 1301 ζ

402 1329 733 1408 terjecerat
779 1347 1167 1408 numeroque
1212 1331 1501 1393 cohortes
1530 1348 1619 1392 cx
1661 1331 2036 1411 expleverat.
2129 1328 2305 1390 Haec
2351 1331 2539 1390 erant
2607 1324 2650 1427 ζ

402 1425 578 1485 milia
618 1441 773 1500 XLV,
830 1431 1232 1487 evocatorum
1283 1426 1535 1489 circiter
1583 1428 1733 1502 due,
1788 1445 1948 1507 quae
1996 1445 2073 1488 ex
2116 1425 2537 1487 beneficiariis
2605 1434 2630 1467 ὁ

405 1521 798 1601 superiorum
827 1521 1225 1583 exercituum
1253 1524 1333 1583 ad
1363 1542 1509 1584 eum
1537 1526 1962 1585 convenerant
1991 1543 2008 1599 3
2051 1520 2376 1601 qufftota
2403 1476 2664 1606 acie&

405 1617 795 1697 disperserat.
888 1618 1181 1698 Reliquas
1223 1619 1511 1681 cohortes
1539 1636 1646 1680 VII
1677 1618 1746 1679 in
1788 1617 2007 1679 castris
2036 1615 2538 1697 propinquisque

284 1716 359 1774 15
404 1713 671 1775 castellis
713 1713 1023 1793 praesidio
1074 1714 1486 1794 disposuerat.
1580 1715 1895 1777 Dextrum
1940 1733 2139 1775 cornu
2179 1714 2317 1793 ejus
2364 1713 2540 1774 rivus

403 1809 662 1889 quidam
685 1809 1006 1890 impeditis
1032 1810 1187 1890 ripis
1215 1811 1583 1889 muniebat3
1626 1831 1816 1892 quam
1845 1811 1923 1870 ob
1946 1830 2198 1872 causam
2228 1813 2541 1873 cunctum

404 1905 779 1985 equitatum,
830 1907 1186 1988 sagittarios
1234 1908 1713 1989 funditoresque
1770 1927 1987 1968 omnes
2030 1895 2286 1968 sinistro
2337 1925 2541 1967 cornu

405 2002 735 2082 obJ‘ecerat.
780 2028 791 2079 g
830 2000 1200 2073 LXXXIX.
1242 2003 1467 2065 Caesar
1494 2003 1779 2084 superius
1808 2003 2181 2070 institutum
2209 2021 2461 2064 servans
2490 2017 2541 2061 x

405 2098 715 2179 legionem
756 2096 827 2159 in
870 2100 1091 2161 dextro
1134 2119 1353 2177 cornu,
1401 2121 1636 2162 nonam
1681 2099 1751 2160 in
1803 2098 2057 2161 sinistro
2098 2098 2534 2173 collocaverat,

285 2198 364 2255 20
404 2194 655 2256 tametsi
699 2198 834 2256 erat
862 2195 1322 2277 Dyrrhachinis
1350 2197 1603 2276 proeliis
1643 2197 2049 2258 vehementer
2088 2196 2439 2269 attenuata,
2474 2196 2541 2255 et

406 2291 558 2354 huic
586 2291 675 2354 sic
703 2292 1002 2373 adjunxit
1031 2296 1339 2370 octavam,
1377 2297 1454 2354 ut
1495 2313 1693 2374 paene
1735 2313 1931 2354 unam
1959 2313 2035 2355 ex
2063 2292 2309 2353 duabus
2337 2291 2541 2353 effice-

406 2391 525 2463 ret,
572 2391 760 2469 atque
804 2390 1068 2451 alteram
1111 2390 1293 2452 alteri
1334 2390 1646 2471 praesidio
1689 2409 1816 2452 esse
1850 2390 2137 2470 jusserat.
2233 2387 2541 2450 Cohortes

408 2483 476 2545 in
504 2484 635 2546 acie
665 2496 856 2545 LXXX
884 2486 1264 2548 constitutas
1293 2486 1585 2562 habebat,
1620 2506 1779 2566 quae
1821 2505 2069 2546 summa
2110 2486 2243 2547 erat
2285 2483 2541 2544 milium

412 2598 566 2643 XXII
596 2602 614 2658 3
670 2582 956 2644 cohortes
998 2584 1154 2645 duas
1195 2584 1416 2645 castris
1457 2584 1766 2663 praesidio
1807 2583 2161 2662 reliquerat.
2271 2580 2540 2643 Sinistro

285 2681 363 2737 25
408 2696 604 2738 cornu
633 2676 1014 2754 Antonium,
1048 2680 1268 2740 dextro
1294 2679 1385 2741 Ῥ.
1425 2679 1687 2755 Sullam,
1737 2679 1945 2740 media
1993 2678 2123 2740 acie
2171 2677 2286 2738 On.
2320 2677 2542 2738 Domi·
2607 2760 2612 2763 ,

406 2772 573 2832 tium
601 2777 1062 2854 praeposuerat.
1131 2775 1273 2854 Ipse
1304 2778 1525 2836 contra
1556 2774 1929 2854 Pompeium
1959 2773 2276 2845 constitit,
2301 2845 2306 2852 ⁸
2335 2772 2540 2835 Simul

407 2868 507 2929 his
551 2869 734 2930 rebus
780 2870 1228 2933 animadversis
1274 2890 1426 2951 quas
1473 2869 2061 2944 demonstravimus,
2110 2869 2342 2930 timens
2384 2889 2463 2930 ne
2504 2889 2544 2930 a

407 2966 825 3028 multitudine
867 2968 1158 3048 equitum
1187 2968 1486 3029 dextrum
1529 2987 1725 3028 cornu
1768 2964 2350 3041 circumveniretur,
2387 2966 2541 3028 ccle-

408 3061 560 3123 riter
605 3082 682 3124 ex
723 3063 913 3124 tertia
957 3064 1087 3125 acie
1132 3063 1416 3144 singulas
1462 3063 1750 3125 cohortes
1783 3061 2058 3123 detraxit
2106 3064 2294 3140 atque
2340 3081 2415 3122 ex
2444 3061 2542 3121 his

289 3161 365 3219 30
409 3164 699 3237 quartam
745 3158 1028 3220 instituit
1073 3160 1511 3240 equitatuique
1558 3159 1855 3240 opposuit
1901 3160 1965 3219 et
2006 3157 2162 3237 quid
2189 3156 2325 3217 fieri
2354 3157 2544 3218 vellet
2617 3204 2624 3211 .

411 3255 707 3331 ostendit,
744 3257 1116 3337 monuitque
1145 3258 1285 3338 ejus
1315 3258 1439 3318 diei
1469 3257 1799 3319 victoriam
1826 3256 1895 3315 in
1926 3256 2143 3316 earum
2183 3253 2544 3314 cohortium

408 3351 644 3413 virtute
687 3356 990 3415 constare.
1084 3353 1288 3415 Simul
1331 3354 1554 3416 tertiae
1600 3353 1753 3415 aciei
1797 3351 2040 3431 totique
2083 3324 2385 3410 exercitui
2429 3349 2544 3410 im-

411 3448 656 3526 peravit
683 3468 763 3509 ne
803 3448 1050 3529 injussu
1095 3469 1208 3511 suo
1253 3451 1692 3511 concurreret:
1735 3467 1819 3523 se,
1854 3466 2000 3507 cum
2043 3443 2111 3505 id
2152 3443 2287 3506 fieri
2330 3445 2554 3533 ‘'ss922‘'

409 3542 636 3631 vegillo
666 3543 920 3624 signum
943 3546 1264 3607 daturum.
1333 3535 1471 3607 XO.
1510 3544 1879 3606 Exercitum
1912 3561 2059 3603 cum
2088 3539 2350 3601 militari
2374 3560 2574 3604 more·

293 3640 369 3694 35
414 3639 495 3697 ad
523 3628 806 3718 pugnam
850 3640 1285 3719 ctht-arntur
1326 3660 1560 3720 suaque
1606 3640 1675 3700 in
1720 3660 1865 3701 eum
1910 3635 2200 3718 perpetui
2243 3635 2544 3716 temporis

415 3732 620 3792 officia
646 3735 1057 3812 praedicaret,
1091 3732 1406 3823 imprimis
1427 3734 1939 3811 commemoravit
1968 3757 1982 3797 ε
2031 3732 2300 3795 testibus
2340 3751 2404 3795 se
2433 3731 2544 3793 mi·
