2734 4167
235 203 339 384 301‘
992 232 1110 284 DE
1148 231 1415 285 BELLO
1462 232 1725 285 cJVILJ

357 395 835 472 consuetudine,
896 416 1172 478 egressae
1239 397 1719 477 pabulatoribus
1785 395 2118 477 praesidio,
2184 395 2469 476 propiore

348 493 543 571 ponte
571 491 848 571 legiones
876 492 1189 555 Fabianae
1218 494 1380 555 duae
1409 494 1648 555 fiumen
1675 492 2044 554 transissent
2072 492 2480 572 impedimen-

348 589 540 667 taque
581 590 647 649 et
695 589 898 649 omnis
940 589 1260 669 equitatus
1301 593 1683 670 sequeretur,
1718 590 1926 650 subito
1954 588 2016 651 vi
2046 593 2380 651 ventorum
2422 593 2480 652 et

349 703 545 764 aquae
574 684 1015 768 magnitudine
1043 706 1202 765 pons
1230 689 1324 747 est
1352 686 1749 766 interruptus
1777 687 1841 747 et
1868 684 2108 765 reliqua
2135 685 2480 747 multitudo

270 785 306 842 5
350 781 639 861 equitum
687 781 1044 843 interclusa.
1138 781 1275 857 Quo
1319 783 1575 864 cognito
1624 804 1662 844 a
1704 782 1950 844 Petreio
1992 785 2055 843 et
2096 781 2367 842 Afranio
2409 802 2482 843 ex

350 897 574 957 aggere
617 881 804 958 atque
847 878 1125 940 cratibus
1153 898 1311 959 quae
1350 879 1614 941 flumine
1641 879 2025 953 ferebantur,
2060 877 2347 940 celeriter
2374 898 2481 940 suo
2586 877 2591 883 ’
2701 891 2702 922 ;

349 976 543 1053 ponte
572 972 898 1050 Afranius,
933 994 1123 1054 quem
1169 974 1402 1055 oppido
1452 975 1793 1055 castrisque
1838 975 2259 1056 conjunctum
2299 974 2482 1036 habe-

349 1070 479 1144 bat,
526 1070 802 1151 legiones
844 1087 934 1131 111
976 1071 1456 1152 equitatumque
1512 1092 1767 1135 omnem
1822 1072 2075 1152 trajecit
2118 1071 2480 1151 duabusque

351 1166 649 1229 Fabianis
703 1168 980 1229 occurrit
1026 1168 1399 1250 legionibus.
1492 1169 1696 1250 Cujus
1743 1170 2020 1231 adventu
2062 1169 2363 1229 nuntiato
2405 1168 2473 1229 L.

233 1266 310 1323 10
353 1261 645 1338 Plancus,
708 1263 817 1343 qui
872 1264 1226 1345 legionibus
1294 1268 1598 1345 praeerat,
1662 1265 2006 1327 necessaria
2071 1285 2138 1326 re
2208 1267 2476 1336 coactus,

351 1359 564 1420 locum
610 1359 782 1439 capit
819 1360 1203 1440 superiorem
1232 1361 1665 1443 diversamque
1707 1363 1904 1424 aciem
1952 1361 2022 1422 in
2072 1362 2227 1423 duas
2275 1364 2484 1441 partes

353 1457 706 1532 constituit,
741 1477 822 1541 ne
850 1459 927 1519 ab
957 1459 1245 1538 equitatu
1273 1459 1717 1522 circumveniri
1745 1463 1970 1540 posset.
2062 1460 2164 1520 Ita
2201 1479 2484 1541 congres-

353 1573 457 1614 sus
498 1553 725 1633 impari
768 1574 1031 1616 numero
1073 1575 1335 1636 magnos
1378 1556 1653 1636 impetus
1679 1544 2003 1637 legionum
2044 1555 2484 1636 equitatusque

353 1648 639 1711 sustinet.
734 1648 1079 1711 Commisso
1135 1652 1212 1712 ab
1270 1652 1588 1732 equitibus
1642 1652 1877 1732 proelio
1932 1652 2112 1734 signa
2160 1652 2486 1734 legionum

236 1750 311 1807 15
354 1747 627 1807 duarum
674 1748 895 1826 procul
945 1747 1022 1808 ab
1070 1748 1354 1828 utrisque
1393 1749 1901 1828 conspiciuntur,
1951 1768 2102 1830 quas
2146 1747 2215 1810 O.
2251 1748 2486 1810 Fabius

355 1843 652 1905 ulteriore
695 1847 889 1924 ponte
934 1844 1211 1905 subsidio
1261 1844 1492 1907 nostris
1534 1845 1807 1920 miserat,
1842 1845 2194 1925 suspicatus
2240 1845 2375 1906 for-e
2416 1844 2486 1905 id

356 1942 525 2021 quod
553 1940 805 2016 accidit,
839 1943 915 2001 ut
958 1941 1147 2002 duces
1189 1940 1684 2002 adversariorum
1726 1941 2045 2003 occasione
2080 1945 2145 2003 et
2181 1940 2486 2003 beneficio

355 2039 648 2101 fortunae
698 2040 778 2099 ad
818 2041 1064 2101 nostros
1113 2039 1557 2119 opprimendos
1598 2042 1947 2101 uterentur.
2007 2043 2024 2052 “
2051 2038 2334 2113 Quarum
2377 2038 2486 2099 ad-

354 2138 550 2196 ventu
578 2134 888 2215 proelium
918 2134 1242 2196 dirimitur
1268 2155 1340 2196 ac
1370 2154 1511 2196 suas
1538 2137 1802 2215 uterque
1829 2134 2102 2215 legiones
2140 2134 2387 2196 reducit
2414 2134 2485 2197 in

235 2233 313 2292 20
355 2234 574 2294 castra.
638 2237 987 2328 w'dssssq
2463 2221 2580 2322 Vs

435 2328 608 2389 XLI.
643 2327 755 2423 Q
805 2328 999 2389 biduo
1052 2328 1274 2390 Caesar
1321 2350 1469 2391 cum
1518 2328 1835 2409 equitibus
1887 2344 2113 2403 DCCOO,
2162 2347 2316 2407 quos
2365 2327 2487 2389 sibi

354 2425 663 2505 praesidio
720 2425 1077 2505 reliquerat,
1133 2425 1201 2486 in
1248 2429 1449 2486 castra
1504 2425 1806 2504 pervenit.
1900 2424 2065 2485 Pons
2114 2423 2223 2503 qui
2272 2424 2489 2499 fuerat

355 2524 729 2601 tempestate
789 2522 1184 2602 interruptus
1239 2542 1437 2602 paene
1502 2525 1634 2583 erat
1689 2521 2008 2599 refectus3
2069 2520 2243 2581 hunc
2299 2507 2490 2581 nocte

354 2618 571 2697 perfici
599 2618 804 2699 jussit.
880 2618 1039 2698 Ipse,
1068 2620 1322 2700 cognita
1342 2620 1627 2680 locorum
1654 2622 1903 2695 natura,
1930 2615 2114 2697 ponti
2143 2616 2489 2695 castrisque

235 2718 312 2775 25
355 2712 664 2793 praesidio
693 2734 797 2775 sex
827 2714 1112 2777 cohortes
1153 2716 1410 2795 reliquit
1452 2717 1640 2794 atque
1670 2713 1882 2774 omnia
1908 2712 2386 2792 impedimenta,
2422 2716 2491 2774 et

354 2813 602 2890 postero
632 2810 734 2871 die
764 2810 1055 2872 omnibus
1098 2812 1294 2891 copiis
1321 2810 1560 2891 triplici
1601 2810 1914 2871 instructa
1940 2809 2072 2870 acie
2088 2808 2181 2869 ad
2211 2807 2492 2886 Ilerdam

354 2906 775 2987 proficiscitur
802 2909 866 2968 et
900 2909 1016 2968 sub
1046 2909 1263 2970 castris
1293 2907 1547 2969 Afranii
1590 2905 1899 2982 constitit,
1934 2910 1998 2968 et
2038 2904 2128 2966 ibi
2167 2904 2494 2984 paulisper
2569 2935 2584 2946 ·

354 3003 470 3063 sub
520 3004 709 3064 armis
756 3007 1037 3067 moratus
1079 3005 1237 3067 facit
1286 3025 1482 3085 aequo
1522 3005 1661 3065 loco
1701 3002 2030 3083 pugnandi
2079 3004 2483 3081 potestatem.

356 3101 674 3162 Potestate
702 3101 873 3163 facta
900 3100 1206 3165 Aframius
1235 3102 1443 3181 copias
1471 3101 1685 3163 educit
1728 3103 1791 3162 et
1832 3099 1902 3159 in
1929 3098 2139 3161 medio
2169 3098 2327 3159 colle
2369 3099 2491 3160 sub

235 3200 312 3258 30
355 3197 572 3257 castris
600 3197 951 3260 constituit.
1047 3199 1287 3275 Caesar,
1322 3200 1434 3261 ubi
1477 3198 1771 3280 cognovit
1799 3217 1910 3277 per
1938 3195 2280 3256 Afranium
2322 3198 2491 3257 stare

355 3294 693 3375 quominus
740 3296 975 3375 proelio
1024 3296 1450 3372 dimicaretur,
1485 3297 1563 3357 ab
1607 3295 1843 3356 infimis
1887 3292 2202 3354 radicibus
2251 3292 2493 3353 montis

353 3390 725 3453 intermissis
753 3391 1003 3455 circiter
1030 3394 1312 3474 passibus
1355 3410 1513 3454 cccc
1556 3396 1759 3455 castra
1785 3392 1989 3452 facere
2032 3388 2368 3450 constituit
2397 3393 2486 3464 et,

355 3506 435 3547 ne
462 3486 533 3546 in
575 3507 759 3566 opere
787 3488 1089 3550 faciundo
1131 3490 1364 3552 milites
1407 3490 1737 3570 repentino
1764 3487 2046 3549 hostium
2087 3485 2350 3546 incursu
2386 3504 2496 3546 ex-

357 3586 745 3645 terrerentur
785 3589 973 3665 atque
1016 3607 1199 3666 opere
1227 3587 1734 3667 prohiberentur,
1768 3586 1932 3648 vallo
1974 3582 2212 3645 muniri
2254 3582 2491 3658 vetuit,

239 3679 315 3738 35
360 3679 528 3757 quod
584 3678 856 3742 eminere
905 3684 968 3744 et
1016 3684 1237 3761 procul
1284 3683 1485 3745 videri
1534 3702 1781 3745 necesse
1830 3684 1983 3756 erat,
2033 3680 2139 3742 sed
2191 3698 2227 3739 a
2274 3678 2500 3741 fronte

360 3775 579 3834 contra
632 3774 877 3837 hostem
932 3778 1169 3855 pedum
1226 3795 1321 3839 xv
1376 3780 1609 3840 fossam
1664 3778 1801 3839 fieri
1856 3776 2061 3857 jussit.
2153 3774 2371 3836 Prima
2431 3781 2501 3839 et
