2734 4167
912 183 1136 248 GOMM.
1177 183 1294 234 III.
1349 185 1517 236 OAP.
1555 184 1819 238 IV—IX.
2366 215 2373 234 ·
2410 189 2487 253 77

221 343 450 407 Caesar
477 345 743 406 omnino
773 362 884 406 ΧΠ
908 367 1096 409 naves
1123 348 1341 427 longas
1370 347 1679 426 praesidio
1708 347 2007 430 dux-isset,
2040 347 2111 408 in
2140 347 2367 428 quibus

221 445 404 502 erant
453 444 810 504 constratae
841 460 980 518 1111,
1013 464 1218 524 neque
1251 443 1518 505 Bibulus
1566 443 1889 523 impeditis
1936 444 2203 506 navibus
2243 444 2366 504 dis·-

221 539 544 619 persisque
593 540 941 619 remigibus
989 540 1138 602 satis
1187 543 1433 602 mature
1482 541 1776 615 occurrit,
1832 542 2001 620 quod
2054 541 2231 620 prius
2284 541 2366 601 ad

223 635 665 696 continentem
711 636 881 696 visus
930 639 1024 697 est
1071 636 1295 698 Caesar
1335 657 1528 717 quam
1555 637 1633 697 de
1684 637 1821 715 ejus
1869 638 2146 698 adventu
2194 638 2367 698 fama

221 731 488 792 omnino
532 731 602 792 in
653 752 754 794 eas
797 733 1080 813 regiones
1107 734 1513 812 perferretur.
1532 807 1547 817 ‚
1606 733 1789 794 VIII.
1840 733 2158 812 Expositis
2200 733 2365 794 mili·
2448 737 2485 794 5

223 829 399 890 tibus
425 849 616 892 naves
645 831 866 892 eadem
905 832 1092 891 nocte
1121 829 1537 891 Brundisium
1564 850 1601 890 a
1632 828 1891 891 Caesare
1918 830 2357 905 remittuntur,

223 927 301 986 ut
327 925 606 1006 reliquae
634 925 913 1006 legiones
941 927 1383 1007 equitatusque
1410 926 1825 1005 transportari
1851 929 2124 1006 possent.
2188 926 2363 988 Huic

224 1021 434 1082 officio
475 1023 866 1102 praepositus
907 1025 1044 1085 erat
1085 1023 1306 1084 Fufius
1335 1023 1608 1085 Calenus
1647 1024 1911 1104 legatus,
1947 1022 2057 1102 qui
2084 1023 2365 1084 celerita-

223 1120 362 1180 tem
409 1117 480 1178 in
532 1119 1026 1200 transportandis
1072 1119 1427 1200 legionibus
1474 1120 1819 1182 adhiberet.
1912 1119 2037 1181 Sed
2084 1120 2281 1182 serius
2328 1141 2408 1182 a

223 1217 397 1276 terra
423 1218 753 1294 provectae
780 1235 970 1278 naves
996 1236 1200 1324 neque
1241 1236 1391 1278 usae
1430 1218 1743 1278 nocturna
1768 1235 1921 1278 aura
1946 1215 2017 1275 in
2044 1216 2364 1277 redeundo
2406 1219 2484 1278 10

226 1311 654 1388 offenderunt.
746 1313 1012 1374 Bibulus
1056 1313 1228 1374 enim
1271 1313 1576 1395 Corcyrae
1622 1313 1850 1375 certior
1876 1313 2082 1374 factus
2130 1313 2211 1374 de
2256 1313 2365 1373 ad-

225 1410 426 1469 ventu
479 1407 776 1484 Caesaris,
817 1429 1071 1496 sperans
1118 1409 1308 1470 alicui
1356 1429 1421 1471 se
1469 1409 1668 1489 parti-
1684 1409 2056 1470 onustarum
2103 1408 2365 1471 navium

225 1523 552 1566 occurrere
581 1524 779 1584 posse,
812 1505 1106 1574 inanibus
1147 1506 1421 1567 occurrit
1464 1509 1531 1568 et
1570 1509 1793 1568 nactus
1836 1505 2086 1568 circiter
2112 1522 2262 1566 xxx
2294 1506 2365 1566 in

226 1620 330 1662 cas
357 1599 796 1680 indiligentiae
826 1621 972 1662 suae
1001 1621 1074 1684 ac
1101 1601 1334 1662 doloris
1357 1587 1753 1664 iracundiam
1782 1601 1995 1682 erupit
2024 1621 2365 1682 omnesque

224 1695 516 1758 incendit
565 1695 906 1778 eodemque
954 1698 1100 1778 igne
1142 1701 1371 1778 nautas
1404 1698 1813 1778 dominosque
1860 1698 2121 1759 navium
2168 1698 2363 1760 inter·
2405 1703 2485 1760 15

223 1793 403 1868 fecit,
459 1791 902 1876 magnitudine
949 1785 1183 1874 poenae
1233 1794 1507 1874 reliquos
1560 1794 1783 1855 terreri
1838 1815 2110 1874 sperans.
2222 1796 2363 1858 Hoc

224 1890 520 1951 confecto
547 1890 804 1970 negotio
830 1911 870 1952 a
897 1891 1144 1953 Sasonis
1170 1893 1253 1958 ad
1283 1891 1497 1952 Curici
1524 1893 1779 1970 portum
1825 1891 2125 1953 stationes
2152 1892 2364 1954 litora-

225 2007 348 2067 que
399 1987 614 2048 omnia
658 1988 844 2069 longe
892 1989 1138 2068 lateque
1189 1987 1489 2050 classibus
1537 1988 1886 2068 occupavit,
1940 1989 2364 2070 custodiisque

224 2083 602 2164 diligentius
649 2084 966 2164 dispositis
1009 2085 1142 2164 ipse
1184 2085 1552 2166 gravissima
1590 2085 1797 2148 hieme
1840 2085 1909 2146 in
1950 2085 2214 2148 navibus
2262 2106 2364 2149 ex-

223 2181 466 2242 cubans
491 2200 696 2260 neque
737 2181 944 2242 ullum
969 2181 1248 2242 laborem
1285 2184 1399 2260 aut
1426 2202 1659 2244 munus
1686 2182 2053 2261 despicienS,
2086 2202 2166 2244 ne
2196 2183 2365 2262 quod
2405 2187 2486 2246 20
2508 2213 2560 2222 --

223 2275 582 2338 subsidium
609 2276 994 2356 exspectanti
1037 2275 1287 2338 Caesari
1329 2277 1401 2338 in
1440 2280 1848 2356 conspectum
1888 2278 2101 2340 venire
2128 2281 2357 2357 posset,

977 2567 1094 2629 IX.
1158 2567 1451 2630 Discessu
1501 2520 1931 2630 Liburnarum
1978 2587 2055 2628 ex
2112 2517 2363 2649 Illyrico

223 2660 316 2722 M.
357 2660 656 2724 Octavius
685 2682 832 2726 cum
857 2663 936 2724 iis
964 2685 1116 2744 quas
1143 2665 1417 2726 habebat
1456 2665 1723 2726 navibus
1752 2664 2008 2725 Salonas
2049 2665 2353 2742 pervenit.
2404 2669 2481 2727 25

223 2757 326 2818 Ibi
355 2757 686 2820 concitatis
715 2758 1028 2824 Dalmatis
1068 2761 1448 2841 reliquisque
1477 2760 1754 2853 barbaris
1783 2759 1979 2821 Issam
2020 2779 2058 2821 a
2086 2760 2363 2824 Caesaris

223 2853 510 2916 amicitia
556 2854 824 2932 avertit3
881 2860 1264 2919 conventum
1315 2855 1559 2918 Salonis
1608 2845 1757 2917 cum
1804 2875 2007 2936 neque
2055 2857 2363 2936 pollicita-

223 2949 510 3010 tionibus
549 2969 752 3030 neque
781 2952 1262 3014 denuntiatione
1290 2951 1560 3032 periculi
1601 2971 1963 3032 permovere
1991 2955 2219 3032 posset,
2252 2973 2363 3034 op-

223 3046 454 3126 pidum
510 3066 872 3129 oppugnare
927 3048 1226 3110 instituit.
1317 3048 1435 3110 Est
1490 3050 1705 3109 autem
1760 3048 2067 3157 oppidum
2122 3050 2187 3110 et
2240 3049 2361 3110 loci

223 3145 458 3202 natura
499 3145 564 3203 et
607 3143 762 3206 colle
807 3144 1150 3207 munitum.
1241 3144 1366 3207 Sed
1402 3144 1691 3206 celeriter
1730 3145 1894 3208 cives
1924 3145 2212 3220 Romani,
2246 3145 2362 3226 lig·-
2404 3149 2483 3208 30

225 3237 364 3299 neis
421 3237 660 3300 effectis
707 3239 1006 3316 turribus,
1063 3240 1163 3303 his
1217 3259 1347 3302 sese
1404 3239 1777 3316 munierunt
1824 3245 1907 3316 et,
1962 3260 2109 3308 cum
2158 3243 2363 3320 essent

223 3332 468 3394 infirmi
496 3333 576 3394 ad
605 3334 1024 3403 resistendum
1050 3340 1308 3417 propter
1333 3330 1725 3416 paucitatem
1752 3336 2087 3397 hominum
2129 3336 2391 3398 crebris

225 3429 503 3492 consecti
558 3430 942 3508 vulneribus,
997 3435 1077 3494 ad
1125 3437 1484 3495 extremum
1538 3433 1847 3496 auxilium
1902 3433 2363 3495 descenderunt

227 3545 558 3606 servosque
587 3547 802 3590 omnes
829 3530 1094 3608 puberes
1121 3530 1549 3592 liberaverunt
1590 3533 1655 3590 et
1698 3529 2031 3609 praesectis
2073 3528 2361 3591 omnium

227 3623 572 3686 mulierum
619 3624 896 3688 crinibus
944 3628 1260 3688 tormenta
1315 3627 1681 3687 effecerunt.
1773 3625 2055 3699 Quorum
2110 3625 2365 3704 cognita
2403 3626 2483 3686 35

227 3719 546 3782 sententia
589 3718 885 3784 Octavius
934 3723 1143 3802 quinis
1184 3723 1403 3784 castris
1450 3721 1757 3800 oppidum
1804 3718 2222 3780 circumdedit
2268 3721 2363 3778 at-
