2734 4167
873 191 1104 245 COMM.
1141 192 1192 244 Ι.
1242 192 1405 245 CAP.
1444 193 1541 245 LI
1542 192 1811 249 V-LIX.
2378 196 2455 257 37

197 356 628 432 centuriones,
665 354 890 417 Caesar
916 356 974 417 ei
1001 355 1178 417 classi
1209 356 1604 432 attribuerat,
1643 356 1751 438 qui
1793 356 1911 418 sibi
1952 356 2020 418 id
2062 354 2339 419 muneris

191 456 720 535 depoposcerant.
813 452 903 515 Hi
945 474 1170 515 manus
1215 455 1447 517 ferreas
1495 457 1683 535 atque
1730 454 2118 537 harpagones
2164 475 2377 535 para--

197 554 422 613 verant
464 571 824 632 magnoque
864 570 1128 613 numero
1162 551 1460 630 pilorum,
1497 552 1890 633 tragularum
1930 552 2343 632 reliquorum-

199 668 324 728 que
349 649 632 711 telorum
673 667 736 709 se
777 648 1222 710 instruxerant.
1315 648 1417 708 Ita
1458 648 1713 729 eogm‘to
1746 648 2029 709 hostium
2069 648 2344 713 adventu

199 764 343 806 suas
369 765 567 808 naves
595 764 672 807 ex
699 746 889 825 portu
918 744 1220 821 educunt,
1256 765 1404 806 cum
1433 744 1925 807 Massiliensibus
1965 745 2335 825 confligunt.
2428 750 2463 803 5

201 842 576 922 Pugnatum
617 844 712 903 est
751 840 1074 922 utrimque
1127 841 1469 903 fortissime
1525 844 1712 922 atque
1768 842 2103 919 acerrime3
2143 861 2344 921 neque

200 940 484 999 multum
527 938 739 999 Albici
781 938 1012 1000 nostris
1053 938 1290 1001 virtute
1331 939 1657 1014 cedebant,
1703 938 1990 1001 homines
2038 938 2239 1018 asperi
2281 940 2344 999 et

199 1034 492 1096 montani
537 1037 600 1097 et
641 1033 964 1099 exercitati
1013 1035 1083 1095 in
1131 1036 1360 1114 armis3
1420 1040 1607 1118 atque
1646 1038 1714 1097 hi
1765 1037 1952 1097 modo
2001 1035 2259 1117 digressi
2308 1055 2345 1095 a

201 1131 702 1194 Massiliensibus
749 1134 1066 1194 recentem
1119 1153 1338 1195 eorum
1380 1133 1902 1214 pollicitationem
1931 1132 2159 1194 animis
2200 1152 2345 1194 eon-

201 1228 519 1305 tinebant,
581 1231 984 1309 pastoresque
1039 1229 1311 1291 Domitii
1380 1249 1487 1309 spe
1541 1230 1849 1293 libertatis
1918 1228 2171 1291 excitati
2225 1230 2343 1291 ‘sub
2387 1232 2464 1290 10

202 1325 404 1387 oculis
431 1324 680 1387 domini
709 1345 888 1387 suam
915 1326 1177 1406 probare
1206 1346 1460 1406 operam
1491 1328 1849 1389 studebant.
1934 1326 2175 1389 LVIII.
2213 1325 2343 1406 Ipsi

203 1423 626 1485 Massilienses
653 1427 718 1485 et
752 1423 1069 1486 eeleritate
1119 1422 1380 1485 navium
1429 1426 1493 1485 et
1542 1424 1803 1486 seientia
1849 1424 2344 1504 gubernatorum

202 1519 425 1582 confisi
454 1522 705 1581 nostros
732 1520 1070 1581 eludebant
1111 1519 1509 1600 impetusque
1532 1540 1762 1597 *eorum
1790 1541 1921 1581 non
1948 1520 2344 1601 excipiebant

202 1620 289 1693 et,
346 1618 557 1697 quoad
604 1616 834 1679 licebat
881 1616 1106 1678 latiore
1152 1616 1252 1677 uti
1300 1617 1523 1697 spatio,
1556 1619 1866 1698 producta
1912 1617 2163 1698 longius
2213 1617 2344 1679 acie

202 1713 665 1775 circumvenire
692 1716 936 1773 nostros
977 1716 1090 1773 aut
1137 1714 1427 1793 pluribus
1474 1714 1741 1775 navibus
1788 1712 2020 1775 adoriri
2067 1714 2345 1795 singulas
2388 1718 2463 1775 15

201 1812 317 1871 aut
345 1829 554 1871 remos
573 1812 1072 1871 transcurrentes
1094 1811 1433 1891 detergere,
1462 1810 1512 1871 si
1542 1813 1813 1891 possent,
1842 1811 2344 1889 contendebant3

203 1926 358 1969 cum
405 1904 670 1986 propius
717 1910 852 1968 erat
898 1908 1242 1969 necessario
1288 1911 1574 1983 ventum,
1616 1909 1692 1969 ab
1734 1907 1995 1970 scientia
2040 1908 2347 1989 guberna-

199 2008 423 2065 torum
473 2006 662 2083 atque
711 2004 992 2066 artificiis
1041 2006 1122 2065 ad
1168 2005 1475 2067 virtutem
1522 2009 1970 2066 montanorum
2026 2006 2347 2086 cons-ugie-

199 2101 384 2162 bant.
477 2100 696 2161 Nostri
745 2120 894 2163 cum
939 2096 1154 2163 minus
1209 2102 1563 2165 exercitatis
1617 2102 1959 2182 remigibus
2012 2102 2345 2183 minusque

201 2197 433 2279 peritis
481 2199 1006 2279 gubernatoribus
1054 2200 1421 2275 utebantur,
1470 2199 1577 2279 qui
1628 2201 1883 2279 repente
1926 2220 2001 2261 ex
2049 2198 2347 2260 onerariis
2390 2200 2469 2259 20

201 2293 479 2357 navibus
521 2298 701 2357 erant
755 2295 1050 2376 producti
1098 2316 1300 2377 neque
1343 2297 1499 2357 dum
1547 2296 1741 2357 etiam
1788 2296 2107 2358 vocabulis
2148 2314 2346 2355 arma-

207 2393 579 2453 mentorum
615 2391 906 2472 cognitis,
941 2395 1083 2452 tum
1112 2390 1303 2453 etiam
1331 2392 1633 2454 tarditate
1662 2395 1725 2453 et
1754 2392 2059 2473 gravitate
2087 2390 2347 2453 navium
2412 2410 2414 2412 ’
2502 2470 2507 2477 Ι

209 2488 769 2566 impediebantur3
809 2488 1013 2550 factae
1043 2488 1213 2550 enim
1255 2489 1464 2550 subito
1507 2508 1583 2550 ex
1611 2488 1876 2572 humida
1917 2489 2179 2551 materia
2217 2508 2349 2549 non

209 2585 488 2647 eundem
518 2584 1068 2647 usum·celeritatis
1095 2586 1429 2648 habebant.
1521 2585 1763 2666 Itaque,
1799 2587 1954 2646 dum
1982 2587 2154 2648 loeus
2183 2606 2348 2647 com-

208 2681 426 2742 minus
453 2682 786 2762 pugnandi
816 2682 1092 2758 daretur,
1126 2682 1563 2763 aequo-animo
1592 2680 1867 2762 singulas
1895 2682 2061 2744 binis
2087 2683 2350 2744 navibus
2392 2686 2469 2744 25

211 2778 603 2859 objiciebant
651 2782 838 2859 atque
887 2779 1124 2860 inJ'ecta
1172 2799 1366 2840 manu
1414 2780 1617 2841 ferrea
1672 2781 1735 2839 et
1792 2780 2037 2839 retenta
2083 2782 2349 2859 utraque

208 2894 372 2937 nave
402 2875 632 2937 diversi
659 2877 1036 2957 pugnabant
1077 2879 1265 2957 atque
1307 2876 1376 2936 in
1404 2874 1685 2939 hostium
1726 2894 1913 2937 naves
1955 2877 2351 2937 transcende-

209 2972 370 3035 bant
417 2975 482 3034 et
531 2992 762 3053 magno
809 2963 1074 3035 numero
1124 2972 1495 3034 Albicorum
1536 2975 1600 3034 et
1648 2974 1974 3051 pastorum
2015 2970 2349 3033 interfecto

212 3072 460 3149 partem
508 3069 769 3130 navium
818 3069 1202 3149 deprimunt,
1257 3069 1609 3130 'nonnullas-
1646 3088 1793 3129 cum
1841 3067 2204 3129 hominibus
2254 3088 2353 3130 ea-

214 3164 426 3247 p'iunt,
459 3166 731 3245 reliquas
758 3166 828 3225 in
855 3169 1114 3245 portum
1150 3166 1558 3245 compellunt.
1649 3165 1745 3225 Eo
1775 3164 1875 3226 die
1917 3184 2105 3227 naves
2134 3164 2351 3227 Massi-
2395 3170 2473 3228 30

133 3262 512 3384 tq‘lignsium
540 3281 688 3323 cum
716 3262 794 3324 iis
824 3283 981 3343 quae
1011 3265 1161 3324 sunt
1191 3266 1409 3343 captae
1437 3263 1762 3324 intereunt
1789 3278 1977 3323 V1111.
2642 3345 2678 3356 ..

353 3358 470 3421 IX.
524 3360 666 3421 Hoc
707 3358 987 3439 primum
1018 3358 1262 3421 Caesari
1307 3360 1389 3420 ad
1430 3358 1703 3419 Ilerdam
1744 3358 2121 3435 nuntiatur3
2164 3358 2352 3419 simul
2460 3370 2491 3387 ⁶
2531 3362 2565 3377 ‘'
2592 3358 2613 3370 ’

19 3257 498 3599 Wcto
526 3459 722 3535 ponte
749 3456 1032 3518 celeriter
1058 3456 1318 3517 fortuna
1346 3457 1651 3515 mutatur.
1751 3454 1854 3515 Illi
1883 3454 2201 3534 perterriti
2229 3454 2353 3515 vir-

215 3556 356 3615 tute
383 3552 676 3633 equitum
704 3553 917 3615 minus
944 3552 1156 3628 libere,
1191 3552 1405 3613 minus
1433 3552 1731 3613 audacter
1758 3552 2168 3633 vagabantur,
2202 3546 2354 3611 alias

214 3670 346 3711 non
393 3650 589 3730 longo
639 3669 678 3710 a
725 3648 943 3711 castris
990 3647 1298 3729 progressi
1351 3646 1575 3726 spatio,
1609 3650 1685 3707 ut
1726 3648 1989 3709 celerem
2028 3650 2352 3724 receptum
2396 3648 2470 3705 35

213 3746 548 3821 haberent,
610 3745 942 3825 angustius
996 3744 1483 3824 pabulabantur,
1538 3742 1689 3803 alias
1743 3741 2025 3817 longiore
2080 3738 2351 3799 circuitu
