<?xml version="1.0" encoding="UTF-8"?>
<!DOCTYPE html PUBLIC "-//W3C//DTD XHTML 1.0 Transitional//EN"
    "http://www.w3.org/TR/xhtml1/DTD/xhtml1-transitional.dtd">
<html xmlns="http://www.w3.org/1999/xhtml" xml:lang="en" lang="en">
 <head>
  <title>
</title>
<meta http-equiv="Content-Type" content="text/html;charset=utf-8" />
  <meta name='ocr-system' content='tesseract 3.04.00' />
  <meta name='ocr-capabilities' content='ocr_page ocr_carea ocr_par ocr_line ocrx_word'/>
</head>
<body>
  <div class='ocr_page' id='page_1' title='image "./cjuliicaesarisd00perrgoog_0136.png"; bbox 0 0 2734 4167; ppageno 0'>
   <div class='ocr_carea' id='block_1_1' title="bbox 850 175 2470 250">
    <p class='ocr_par' dir='ltr' id='par_1_1' title="bbox 850 175 2470 250">
     <span class='ocr_line' id='line_1_1' title="bbox 850 175 2470 250; baseline 0.004 -20"><span class='ocrx_word' id='word_1_1' title='bbox 850 177 1074 230; x_wconf 70' lang='lat' dir='ltr'>COMM.</span> <span class='ocrx_word' id='word_1_2' title='bbox 1114 175 1232 230; x_wconf 92' lang='lat' dir='ltr'>III.</span> <span class='ocrx_word' id='word_1_3' title='bbox 1274 176 1443 231; x_wconf 77' lang='lat' dir='ltr'>GAP.</span> <span class='ocrx_word' id='word_1_4' title='bbox 1488 177 1573 230; x_wconf 80' lang='lat'>01</span> <span class='ocrx_word' id='word_1_5' title='bbox 1574 176 1835 231; x_wconf 79' lang='lat' dir='ltr'>V—GIX.</span> <span class='ocrx_word' id='word_1_6' title='bbox 2354 185 2470 250; x_wconf 75' lang='lat'>125</span> 
     </span>
    </p>
   </div>
   <div class='ocr_carea' id='block_1_2' title="bbox 203 281 2351 422">
    <p class='ocr_par' dir='ltr' id='par_1_2' title="bbox 203 281 2351 422">
     <span class='ocr_line' id='line_1_2' title="bbox 203 281 2351 422; baseline -0.001 -16"><span class='ocrx_word' id='word_1_7' title='bbox 203 340 598 408; x_wconf 78' lang='lat' dir='ltr'>existimans.</span> <span class='ocrx_word' id='word_1_8' title='bbox 628 281 640 325; x_wconf 36' lang='grc' dir='ltr'>ἱ</span> <span class='ocrx_word' id='word_1_9' title='bbox 688 317 1105 402; x_wconf 82' lang='lat' dir='ltr'>Alexandriae</span> <span class='ocrx_word' id='word_1_10' title='bbox 1146 339 1229 401; x_wconf 93' lang='lat' dir='ltr'>de</span> <span class='ocrx_word' id='word_1_11' title='bbox 1255 338 1541 418; x_wconf 91' lang='lat' dir='ltr'>Pompeii</span> <span class='ocrx_word' id='word_1_12' title='bbox 1570 342 1773 401; x_wconf 89' lang='lat' dir='ltr'>morte</span> <span class='ocrx_word' id='word_1_13' title='bbox 1814 340 2135 420; x_wconf 78' lang='lat' dir='ltr'>cognoscit</span> <span class='ocrx_word' id='word_1_14' title='bbox 2161 343 2351 422; x_wconf 90' lang='lat' dir='ltr'>atque</span> 
     </span>
    </p>
   </div>
   <div class='ocr_carea' id='block_1_3' title="bbox 183 436 2561 3695">
    <p class='ocr_par' dir='ltr' id='par_1_3' title="bbox 183 436 2474 1482">
     <span class='ocr_line' id='line_1_3' title="bbox 204 436 2353 520; baseline 0 -20"><span class='ocrx_word' id='word_1_15' title='bbox 204 439 300 500; x_wconf 92' lang='lat' dir='ltr'>ibi</span> <span class='ocrx_word' id='word_1_16' title='bbox 329 438 612 518; x_wconf 89' lang='lat' dir='ltr'>primum</span> <span class='ocrx_word' id='word_1_17' title='bbox 639 455 674 499; x_wconf 90' lang='lat' dir='ltr'>e</span> <span class='ocrx_word' id='word_1_18' title='bbox 701 455 861 498; x_wconf 84' lang='lat' dir='ltr'>nave</span> <span class='ocrx_word' id='word_1_19' title='bbox 889 436 1212 516; x_wconf 86' lang='lat' dir='ltr'>egrediens</span> <span class='ocrx_word' id='word_1_20' title='bbox 1251 437 1589 498; x_wconf 87' lang='lat' dir='ltr'>clamorem</span> <span class='ocrx_word' id='word_1_21' title='bbox 1634 436 1919 497; x_wconf 92' lang='lat' dir='ltr'>militum</span> <span class='ocrx_word' id='word_1_22' title='bbox 1962 438 2163 514; x_wconf 90' lang='lat' dir='ltr'>audit,</span> <span class='ocrx_word' id='word_1_23' title='bbox 2198 459 2353 520; x_wconf 89' lang='lat' dir='ltr'>quos</span> 
     </span>
     <span class='ocr_line' id='line_1_4' title="bbox 203 532 2352 613; baseline 0.001 -17"><span class='ocrx_word' id='word_1_24' title='bbox 203 555 319 596; x_wconf 84' lang='lat' dir='ltr'>rex</span> <span class='ocrx_word' id='word_1_25' title='bbox 346 534 417 595; x_wconf 91' lang='lat' dir='ltr'>in</span> <span class='ocrx_word' id='word_1_26' title='bbox 455 533 690 613; x_wconf 92' lang='lat' dir='ltr'>oppido</span> <span class='ocrx_word' id='word_1_27' title='bbox 717 533 1015 613; x_wconf 87' lang='lat' dir='ltr'>praesidii</span> <span class='ocrx_word' id='word_1_28' title='bbox 1043 551 1232 595; x_wconf 80' lang='lat' dir='ltr'>causa</span> <span class='ocrx_word' id='word_1_29' title='bbox 1271 532 1633 613; x_wconf 75' lang='lat' dir='ltr'>reliquerat,</span> <span class='ocrx_word' id='word_1_30' title='bbox 1666 536 1731 595; x_wconf 86' lang='lat' dir='ltr'>et</span> <span class='ocrx_word' id='word_1_31' title='bbox 1760 552 2139 596; x_wconf 87' lang='lat' dir='ltr'>concursum</span> <span class='ocrx_word' id='word_1_32' title='bbox 2180 537 2261 597; x_wconf 87' lang='lat' dir='ltr'>ad</span> <span class='ocrx_word' id='word_1_33' title='bbox 2288 556 2352 599; x_wconf 91' lang='lat' dir='ltr'>se</span> 
     </span>
     <span class='ocr_line' id='line_1_5' title="bbox 203 628 2352 709; baseline 0 -17"><span class='ocrx_word' id='word_1_34' title='bbox 203 629 346 692; x_wconf 90' lang='lat' dir='ltr'>fieri</span> <span class='ocrx_word' id='word_1_35' title='bbox 375 629 571 704; x_wconf 82' lang='lat' dir='ltr'>videt,</span> <span class='ocrx_word' id='word_1_36' title='bbox 604 629 774 709; x_wconf 92' lang='lat' dir='ltr'>quod</span> <span class='ocrx_word' id='word_1_37' title='bbox 809 628 1011 700; x_wconf 63' lang='lat' dir='ltr'>⁴fasces</span> <span class='ocrx_word' id='word_1_38' title='bbox 1039 629 1525 690; x_wconf 66' lang='lat' dir='ltr'>anteferrentur.</span> <span class='ocrx_word' id='word_1_39' title='bbox 1617 629 1697 688; x_wconf 91' lang='lat' dir='ltr'>In</span> <span class='ocrx_word' id='word_1_40' title='bbox 1726 629 1846 691; x_wconf 91' lang='lat' dir='ltr'>hoc</span> <span class='ocrx_word' id='word_1_41' title='bbox 1889 630 2094 691; x_wconf 89' lang='lat' dir='ltr'>omnis</span> <span class='ocrx_word' id='word_1_42' title='bbox 2135 631 2352 692; x_wconf 89' lang='lat' dir='ltr'>multi-</span> 
     </span>
     <span class='ocr_line' id='line_1_6' title="bbox 205 724 2473 806; baseline 0.001 -18"><span class='ocrx_word' id='word_1_43' title='bbox 205 728 368 788; x_wconf 87' lang='lat' dir='ltr'>tudo</span> <span class='ocrx_word' id='word_1_44' title='bbox 419 725 816 806; x_wconf 78' lang='lat' dir='ltr'>majestatem</span> <span class='ocrx_word' id='word_1_45' title='bbox 863 725 1105 806; x_wconf 88' lang='lat' dir='ltr'>regiam</span> <span class='ocrx_word' id='word_1_46' title='bbox 1153 724 1358 786; x_wconf 89' lang='lat' dir='ltr'>minui</span> <span class='ocrx_word' id='word_1_47' title='bbox 1408 725 1832 806; x_wconf 87' lang='lat' dir='ltr'>praedicabat.</span> <span class='ocrx_word' id='word_1_48' title='bbox 1944 727 2089 789; x_wconf 91' lang='lat' dir='ltr'>Hoc</span> <span class='ocrx_word' id='word_1_49' title='bbox 2137 728 2353 790; x_wconf 87' lang='lat' dir='ltr'>sedato</span> <span class='ocrx_word' id='word_1_50' title='bbox 2434 734 2473 790; x_wconf 85' lang='lat'>5</span> 
     </span>
     <span class='ocr_line' id='line_1_7' title="bbox 205 822 2353 886; baseline 0 -1"><span class='ocrx_word' id='word_1_51' title='bbox 205 825 501 886; x_wconf 84' lang='lat' dir='ltr'>tumultu</span> <span class='ocrx_word' id='word_1_52' title='bbox 531 823 780 884; x_wconf 79' lang='lat' dir='ltr'>crebrae</span> <span class='ocrx_word' id='word_1_53' title='bbox 810 822 1130 883; x_wconf 75' lang='lat' dir='ltr'>continuis</span> <span class='ocrx_word' id='word_1_54' title='bbox 1172 823 1393 884; x_wconf 88' lang='lat' dir='ltr'>diebus</span> <span class='ocrx_word' id='word_1_55' title='bbox 1442 843 1518 885; x_wconf 82' lang='lat' dir='ltr'>ex</span> <span class='ocrx_word' id='word_1_56' title='bbox 1562 842 1872 885; x_wconf 81' lang='lat' dir='ltr'>concursu</span> <span class='ocrx_word' id='word_1_57' title='bbox 1918 823 2353 886; x_wconf 74' lang='lat' dir='ltr'>multitudinis</span> 
     </span>
     <span class='ocr_line' id='line_1_8' title="bbox 207 914 2352 1002; baseline -0 -19"><span class='ocrx_word' id='word_1_58' title='bbox 207 918 666 983; x_wconf 82' lang='lat' dir='ltr'>concitationes</span> <span class='ocrx_word' id='word_1_59' title='bbox 681 919 929 982; x_wconf 81' lang='lat' dir='ltr'>&#39;fiebant</span> <span class='ocrx_word' id='word_1_60' title='bbox 957 914 1431 1000; x_wconf 77' lang='lat' dir='ltr'>compluresque</span> <span class='ocrx_word' id='word_1_61' title='bbox 1461 920 1695 982; x_wconf 89' lang='lat' dir='ltr'>milites</span> <span class='ocrx_word' id='word_1_62' title='bbox 1721 919 1921 1002; x_wconf 82' lang='lat' dir='ltr'>hujus</span> <span class='ocrx_word' id='word_1_63' title='bbox 1947 920 2123 982; x_wconf 88' lang='lat' dir='ltr'>urbis</span> <span class='ocrx_word' id='word_1_64' title='bbox 2150 921 2352 982; x_wconf 90' lang='lat' dir='ltr'>omni-</span> 
     </span>
     <span class='ocr_line' id='line_1_9' title="bbox 207 1004 2353 1098; baseline -0.001 -18"><span class='ocrx_word' id='word_1_65' title='bbox 207 1019 328 1080; x_wconf 84' lang='lat' dir='ltr'>bus</span> <span class='ocrx_word' id='word_1_66' title='bbox 387 1017 675 1097; x_wconf 88' lang='lat' dir='ltr'>partibus</span> <span class='ocrx_word' id='word_1_67' title='bbox 736 1016 1297 1080; x_wconf 85' lang='lat' dir='ltr'>interficiebantur.</span> <span class='ocrx_word' id='word_1_68' title='bbox 1319 1004 1401 1098; x_wconf 64' lang='lat' dir='ltr'><strong><em>s</em></strong></span> <span class='ocrx_word' id='word_1_69' title='bbox 1413 1016 1616 1079; x_wconf 83' lang='lat' dir='ltr'>CVII.</span> <span class='ocrx_word' id='word_1_70' title='bbox 1640 1085 1646 1092; x_wconf 55' lang='lat'>‚</span> <span class='ocrx_word' id='word_1_71' title='bbox 1668 1017 1913 1092; x_wconf 82' lang='lat' dir='ltr'>Quibus</span> <span class='ocrx_word' id='word_1_72' title='bbox 1966 1018 2151 1080; x_wconf 90' lang='lat' dir='ltr'>rebus</span> <span class='ocrx_word' id='word_1_73' title='bbox 2218 1017 2353 1078; x_wconf 88' lang='lat' dir='ltr'>ani-</span> 
     </span>
     <span class='ocr_line' id='line_1_10' title="bbox 183 1112 2355 1194; baseline 0 -20"><span class='ocrx_word' id='word_1_74' title='bbox 183 1112 554 1176; x_wconf 79' lang='lat' dir='ltr'>·madversis</span> <span class='ocrx_word' id='word_1_75' title='bbox 581 1113 858 1194; x_wconf 87' lang='lat' dir='ltr'>legiones</span> <span class='ocrx_word' id='word_1_76' title='bbox 897 1112 1016 1176; x_wconf 88' lang='lat' dir='ltr'>sibi</span> <span class='ocrx_word' id='word_1_77' title='bbox 1060 1112 1212 1176; x_wconf 88' lang='lat' dir='ltr'>alias</span> <span class='ocrx_word' id='word_1_78' title='bbox 1258 1133 1334 1176; x_wconf 87' lang='lat' dir='ltr'>ex</span> <span class='ocrx_word' id='word_1_79' title='bbox 1383 1113 1537 1176; x_wconf 88' lang='lat' dir='ltr'>Asia</span> <span class='ocrx_word' id='word_1_80' title='bbox 1581 1113 1812 1175; x_wconf 83' lang='lat' dir='ltr'>adduci</span> <span class='ocrx_word' id='word_1_81' title='bbox 1840 1112 2052 1193; x_wconf 82' lang='lat' dir='ltr'>jussit,</span> <span class='ocrx_word' id='word_1_82' title='bbox 2088 1132 2241 1193; x_wconf 84' lang='lat' dir='ltr'>quas</span> <span class='ocrx_word' id='word_1_83' title='bbox 2277 1133 2355 1176; x_wconf 84' lang='lat' dir='ltr'>ex</span> 
     </span>
     <span class='ocr_line' id='line_1_11' title="bbox 211 1207 2474 1290; baseline -0 -19"><span class='ocrx_word' id='word_1_84' title='bbox 211 1209 620 1289; x_wconf 85' lang='lat' dir='ltr'>Pompeianis</span> <span class='ocrx_word' id='word_1_85' title='bbox 646 1209 958 1271; x_wconf 89' lang='lat' dir='ltr'>militibus</span> <span class='ocrx_word' id='word_1_86' title='bbox 985 1210 1361 1272; x_wconf 77' lang='lat' dir='ltr'>confecerat.</span> <span class='ocrx_word' id='word_1_87' title='bbox 1454 1210 1597 1290; x_wconf 88' lang='lat' dir='ltr'>Ipse</span> <span class='ocrx_word' id='word_1_88' title='bbox 1640 1209 1813 1272; x_wconf 91' lang='lat' dir='ltr'>enim</span> <span class='ocrx_word' id='word_1_89' title='bbox 1853 1207 2200 1271; x_wconf 86' lang='lat' dir='ltr'>necessario</span> <span class='ocrx_word' id='word_1_90' title='bbox 2228 1209 2355 1270; x_wconf 86' lang='lat' dir='ltr'>ete·</span> <span class='ocrx_word' id='word_1_91' title='bbox 2396 1212 2474 1270; x_wconf 91' lang='grc'>10</span> 
     </span>
     <span class='ocr_line' id='line_1_12' title="bbox 211 1303 2355 1386; baseline -0.001 -18"><span class='ocrx_word' id='word_1_92' title='bbox 211 1304 320 1368; x_wconf 85' lang='grc'><strong>8118</strong></span> <span class='ocrx_word' id='word_1_93' title='bbox 347 1305 706 1381; x_wconf 88' lang='lat' dir='ltr'>tenebatur,</span> <span class='ocrx_word' id='word_1_94' title='bbox 740 1305 849 1384; x_wconf 91' lang='grc'><strong>(1111</strong></span> <span class='ocrx_word' id='word_1_95' title='bbox 877 1304 1326 1386; x_wconf 83' lang='lat' dir='ltr'>navigantibus</span> <span class='ocrx_word' id='word_1_96' title='bbox 1350 1304 1739 1367; x_wconf 84' lang='lat' dir='ltr'>Alexandria</span> <span class='ocrx_word' id='word_1_97' title='bbox 1764 1308 1914 1367; x_wconf 85' lang='lat' dir='ltr'>sunt</span> <span class='ocrx_word' id='word_1_98' title='bbox 1936 1303 2355 1367; x_wconf 82' lang='lat' dir='ltr'>adversissimi</span> 
     </span>
     <span class='ocr_line' id='line_1_13' title="bbox 212 1400 2356 1482; baseline -0.002 -18"><span class='ocrx_word' id='word_1_99' title='bbox 212 1401 409 1464; x_wconf 80' lang='lat' dir='ltr'>venti.</span> <span class='ocrx_word' id='word_1_100' title='bbox 501 1400 773 1462; x_wconf 88' lang='lat' dir='ltr'>Interim</span> <span class='ocrx_word' id='word_1_101' title='bbox 801 1401 1254 1463; x_wconf 82' lang='lat' dir='ltr'>controversias</span> <span class='ocrx_word' id='word_1_102' title='bbox 1279 1420 1506 1482; x_wconf 89' lang='lat' dir='ltr'>regum</span> <span class='ocrx_word' id='word_1_103' title='bbox 1548 1402 1630 1462; x_wconf 92' lang='lat' dir='ltr'>ad</span> <span class='ocrx_word' id='word_1_104' title='bbox 1656 1403 1966 1480; x_wconf 90' lang='lat' dir='ltr'>populum</span> <span class='ocrx_word' id='word_1_105' title='bbox 1994 1401 2356 1462; x_wconf 87' lang='lat' dir='ltr'>Romanum</span> 
     </span>
    </p>

    <p class='ocr_par' dir='ltr' id='par_1_4' title="bbox 213 1496 2561 3695">
     <span class='ocr_line' id='line_1_14' title="bbox 213 1496 2356 1577; baseline -0 -18"><span class='ocrx_word' id='word_1_106' title='bbox 213 1500 280 1559; x_wconf 89' lang='lat' dir='ltr'>et</span> <span class='ocrx_word' id='word_1_107' title='bbox 331 1497 410 1558; x_wconf 87' lang='lat' dir='ltr'>ad</span> <span class='ocrx_word' id='word_1_108' title='bbox 455 1516 539 1571; x_wconf 91' lang='lat' dir='ltr'>se,</span> <span class='ocrx_word' id='word_1_109' title='bbox 573 1497 744 1577; x_wconf 91' lang='lat' dir='ltr'>quod</span> <span class='ocrx_word' id='word_1_110' title='bbox 789 1504 948 1559; x_wconf 86' lang='lat' dir='ltr'>esset</span> <span class='ocrx_word' id='word_1_111' title='bbox 995 1497 1235 1573; x_wconf 89' lang='lat' dir='ltr'>consul,</span> <span class='ocrx_word' id='word_1_112' title='bbox 1269 1497 1585 1577; x_wconf 87' lang='lat' dir='ltr'>pertinere</span> <span class='ocrx_word' id='word_1_113' title='bbox 1633 1496 2017 1572; x_wconf 75' lang='lat' dir='ltr'>existimanS,</span> <span class='ocrx_word' id='word_1_114' title='bbox 2051 1499 2240 1576; x_wconf 87' lang='lat' dir='ltr'>atque</span> <span class='ocrx_word' id='word_1_115' title='bbox 2283 1515 2356 1558; x_wconf 92' lang='lat' dir='ltr'>eo</span> 
     </span>
     <span class='ocr_line' id='line_1_15' title="bbox 215 1593 2359 1674; baseline -0 -19"><span class='ocrx_word' id='word_1_116' title='bbox 215 1594 419 1674; x_wconf 89' lang='lat' dir='ltr'>magis</span> <span class='ocrx_word' id='word_1_117' title='bbox 453 1593 660 1654; x_wconf 91' lang='lat' dir='ltr'>officio</span> <span class='ocrx_word' id='word_1_118' title='bbox 701 1612 814 1654; x_wconf 91' lang='lat' dir='ltr'>suo</span> <span class='ocrx_word' id='word_1_119' title='bbox 858 1593 1213 1669; x_wconf 82' lang='lat' dir='ltr'>convenire,</span> <span class='ocrx_word' id='word_1_120' title='bbox 1249 1595 1419 1674; x_wconf 92' lang='lat' dir='ltr'>quod</span> <span class='ocrx_word' id='word_1_121' title='bbox 1462 1593 1778 1673; x_wconf 89' lang='lat' dir='ltr'>superiore</span> <span class='ocrx_word' id='word_1_122' title='bbox 1826 1594 2156 1655; x_wconf 87' lang='lat' dir='ltr'>consulatu</span> <span class='ocrx_word' id='word_1_123' title='bbox 2210 1611 2359 1654; x_wconf 89' lang='lat' dir='ltr'>cum</span> 
     </span>
     <span class='ocr_line' id='line_1_16' title="bbox 215 1689 2478 1772; baseline -0.001 -20"><span class='ocrx_word' id='word_1_124' title='bbox 215 1694 394 1772; x_wconf 85' lang='lat' dir='ltr'>patre</span> <span class='ocrx_word' id='word_1_125' title='bbox 415 1691 779 1752; x_wconf 91' lang='lat' dir='ltr'>Ptolemaeo</span> <span class='ocrx_word' id='word_1_126' title='bbox 809 1692 874 1751; x_wconf 89' lang='lat' dir='ltr'>et</span> <span class='ocrx_word' id='word_1_127' title='bbox 901 1691 1037 1770; x_wconf 88' lang='lat' dir='ltr'>lege</span> <span class='ocrx_word' id='word_1_128' title='bbox 1059 1693 1123 1752; x_wconf 92' lang='lat' dir='ltr'>et</span> <span class='ocrx_word' id='word_1_129' title='bbox 1146 1689 1691 1752; x_wconf 87' lang='lat' dir='ltr'>senatusconsulto</span> <span class='ocrx_word' id='word_1_130' title='bbox 1720 1690 1979 1752; x_wconf 84' lang='lat' dir='ltr'>societas</span> <span class='ocrx_word' id='word_1_131' title='bbox 2000 1692 2134 1752; x_wconf 89' lang='lat' dir='ltr'>erat</span> <span class='ocrx_word' id='word_1_132' title='bbox 2160 1691 2352 1765; x_wconf 76' lang='lat' dir='ltr'>facta,</span> <span class='ocrx_word' id='word_1_133' title='bbox 2400 1691 2478 1750; x_wconf 87' lang='lat'>15</span> 
     </span>
     <span class='ocr_line' id='line_1_17' title="bbox 218 1785 2360 1866; baseline -0 -18"><span class='ocrx_word' id='word_1_134' title='bbox 218 1785 498 1849; x_wconf 88' lang='lat' dir='ltr'>ostendit</span> <span class='ocrx_word' id='word_1_135' title='bbox 529 1786 646 1848; x_wconf 88' lang='lat' dir='ltr'>sibi</span> <span class='ocrx_word' id='word_1_136' title='bbox 674 1786 920 1866; x_wconf 88' lang='lat' dir='ltr'>placere</span> <span class='ocrx_word' id='word_1_137' title='bbox 947 1805 1162 1866; x_wconf 87' lang='lat' dir='ltr'>regem</span> <span class='ocrx_word' id='word_1_138' title='bbox 1191 1785 1631 1847; x_wconf 86' lang='lat' dir='ltr'>Ptolemaeum</span> <span class='ocrx_word' id='word_1_139' title='bbox 1670 1788 1859 1865; x_wconf 89' lang='lat' dir='ltr'>atque</span> <span class='ocrx_word' id='word_1_140' title='bbox 1902 1786 2039 1866; x_wconf 82' lang='lat' dir='ltr'>ejus</span> <span class='ocrx_word' id='word_1_141' title='bbox 2080 1804 2360 1848; x_wconf 85' lang='lat' dir='ltr'>sororem</span> 
     </span>
     <span class='ocr_line' id='line_1_18' title="bbox 220 1880 2361 1964; baseline -0.001 -18"><span class='ocrx_word' id='word_1_142' title='bbox 220 1883 622 1964; x_wconf 85' lang='lat' dir='ltr'>Cleopatram</span> <span class='ocrx_word' id='word_1_143' title='bbox 664 1882 972 1944; x_wconf 84' lang='lat' dir='ltr'>exercitus</span> <span class='ocrx_word' id='word_1_144' title='bbox 1001 1901 1158 1963; x_wconf 88' lang='lat' dir='ltr'>quos</span> <span class='ocrx_word' id='word_1_145' title='bbox 1196 1880 1505 1944; x_wconf 87' lang='lat' dir='ltr'>haberent</span> <span class='ocrx_word' id='word_1_146' title='bbox 1534 1881 1876 1957; x_wconf 85' lang='lat' dir='ltr'>dimittere,</span> <span class='ocrx_word' id='word_1_147' title='bbox 1911 1885 1974 1944; x_wconf 92' lang='lat' dir='ltr'>et</span> <span class='ocrx_word' id='word_1_148' title='bbox 2004 1882 2084 1944; x_wconf 92' lang='lat' dir='ltr'>de</span> <span class='ocrx_word' id='word_1_149' title='bbox 2112 1885 2361 1944; x_wconf 86' lang='lat' dir='ltr'>contro-</span> 
     </span>
     <span class='ocr_line' id='line_1_19' title="bbox 216 1978 2561 2060; baseline 0 -20"><span class='ocrx_word' id='word_1_150' title='bbox 216 1979 434 2040; x_wconf 87' lang='lat' dir='ltr'>versiis</span> <span class='ocrx_word' id='word_1_151' title='bbox 462 1979 604 2060; x_wconf 84' lang='lat' dir='ltr'>jure</span> <span class='ocrx_word' id='word_1_152' title='bbox 632 1979 804 2058; x_wconf 87' lang='lat' dir='ltr'>apud</span> <span class='ocrx_word' id='word_1_153' title='bbox 845 1998 908 2041; x_wconf 88' lang='lat' dir='ltr'>se</span> <span class='ocrx_word' id='word_1_154' title='bbox 948 1978 1161 2058; x_wconf 90' lang='lat' dir='ltr'>potius</span> <span class='ocrx_word' id='word_1_155' title='bbox 1190 1997 1383 2058; x_wconf 88' lang='lat' dir='ltr'>quam</span> <span class='ocrx_word' id='word_1_156' title='bbox 1427 1978 1597 2040; x_wconf 88' lang='lat' dir='ltr'>inter</span> <span class='ocrx_word' id='word_1_157' title='bbox 1637 1997 1699 2040; x_wconf 90' lang='lat' dir='ltr'>se</span> <span class='ocrx_word' id='word_1_158' title='bbox 1747 1978 1936 2047; x_wconf 85' lang='lat' dir='ltr'>armis</span> <span class='ocrx_word' id='word_1_159' title='bbox 1984 1978 2351 2059; x_wconf 88' lang='lat' dir='ltr'>disceptare.</span> <span class='ocrx_word' id='word_1_160' title='bbox 2553 2038 2561 2046; x_wconf 88' lang='grc'>,</span> 
     </span>
     <span class='ocr_line' id='line_1_20' title="bbox 220 2074 2361 2156; baseline -0.002 -18"><span class='ocrx_word' id='word_1_161' title='bbox 220 2075 462 2139; x_wconf 85' lang='lat' dir='ltr'>CVIII.</span> <span class='ocrx_word' id='word_1_162' title='bbox 514 2075 672 2136; x_wconf 86' lang='lat' dir='ltr'>Erat</span> <span class='ocrx_word' id='word_1_163' title='bbox 720 2074 789 2135; x_wconf 93' lang='lat' dir='ltr'>in</span> <span class='ocrx_word' id='word_1_164' title='bbox 839 2074 1279 2154; x_wconf 89' lang='lat' dir='ltr'>procuratione</span> <span class='ocrx_word' id='word_1_165' title='bbox 1322 2074 1503 2156; x_wconf 90' lang='lat' dir='ltr'>regni</span> <span class='ocrx_word' id='word_1_166' title='bbox 1552 2076 1811 2154; x_wconf 90' lang='lat' dir='ltr'>propter</span> <span class='ocrx_word' id='word_1_167' title='bbox 1858 2077 2130 2137; x_wconf 89' lang='lat' dir='ltr'>aetatem</span> <span class='ocrx_word' id='word_1_168' title='bbox 2179 2075 2361 2154; x_wconf 91' lang='lat' dir='ltr'>pueri</span> 
     </span>
     <span class='ocr_line' id='line_1_21' title="bbox 214 2170 2483 2252; baseline 0 -19"><span class='ocrx_word' id='word_1_169' title='bbox 214 2171 534 2233; x_wconf 86' lang='lat' dir='ltr'>nutricius</span> <span class='ocrx_word' id='word_1_170' title='bbox 589 2172 746 2251; x_wconf 78' lang='lat' dir='ltr'>ejuS,</span> <span class='ocrx_word' id='word_1_171' title='bbox 805 2170 1136 2232; x_wconf 87' lang='lat' dir='ltr'>eunuchus</span> <span class='ocrx_word' id='word_1_172' title='bbox 1203 2171 1466 2232; x_wconf 91' lang='lat' dir='ltr'>nomine</span> <span class='ocrx_word' id='word_1_173' title='bbox 1523 2170 1856 2232; x_wconf 89' lang='lat' dir='ltr'>Pothinus.</span> <span class='ocrx_word' id='word_1_174' title='bbox 1952 2170 2015 2233; x_wconf 88' lang='lat' dir='ltr'>Is</span> <span class='ocrx_word' id='word_1_175' title='bbox 2081 2171 2363 2252; x_wconf 89' lang='lat' dir='ltr'>primum</span> <span class='ocrx_word' id='word_1_176' title='bbox 2403 2173 2483 2233; x_wconf 79' lang='lat'>20</span> 
     </span>
     <span class='ocr_line' id='line_1_22' title="bbox 215 2265 2363 2348; baseline -0.001 -18"><span class='ocrx_word' id='word_1_177' title='bbox 215 2269 388 2330; x_wconf 91' lang='lat' dir='ltr'>inter</span> <span class='ocrx_word' id='word_1_178' title='bbox 435 2286 581 2330; x_wconf 87' lang='lat' dir='ltr'>suos</span> <span class='ocrx_word' id='word_1_179' title='bbox 630 2265 806 2347; x_wconf 82' lang='lat' dir='ltr'>queri</span> <span class='ocrx_word' id='word_1_180' title='bbox 855 2269 1042 2346; x_wconf 87' lang='lat' dir='ltr'>atque</span> <span class='ocrx_word' id='word_1_181' title='bbox 1085 2266 1408 2348; x_wconf 88' lang='lat' dir='ltr'>indignari</span> <span class='ocrx_word' id='word_1_182' title='bbox 1459 2266 1665 2347; x_wconf 91' lang='lat' dir='ltr'>coepit</span> <span class='ocrx_word' id='word_1_183' title='bbox 1718 2286 1931 2347; x_wconf 86' lang='lat' dir='ltr'>regem</span> <span class='ocrx_word' id='word_1_184' title='bbox 1978 2268 2060 2328; x_wconf 88' lang='lat' dir='ltr'>ad</span> <span class='ocrx_word' id='word_1_185' title='bbox 2108 2287 2363 2328; x_wconf 85' lang='lat' dir='ltr'>causam</span> 
     </span>
     <span class='ocr_line' id='line_1_23' title="bbox 215 2361 2362 2443; baseline -0 -18"><span class='ocrx_word' id='word_1_186' title='bbox 215 2363 552 2425; x_wconf 87' lang='lat' dir='ltr'>dicendam</span> <span class='ocrx_word' id='word_1_187' title='bbox 609 2362 892 2440; x_wconf 83' lang='lat' dir='ltr'>evocari3</span> <span class='ocrx_word' id='word_1_188' title='bbox 954 2361 1182 2424; x_wconf 90' lang='lat' dir='ltr'>deinde</span> <span class='ocrx_word' id='word_1_189' title='bbox 1242 2363 1347 2442; x_wconf 82' lang='lat' dir='ltr'>adj</span> <span class='ocrx_word' id='word_1_190' title='bbox 1355 2365 1565 2425; x_wconf 90' lang='lat' dir='ltr'>utores</span> <span class='ocrx_word' id='word_1_191' title='bbox 1630 2365 1934 2443; x_wconf 87' lang='lat' dir='ltr'>quosdam</span> <span class='ocrx_word' id='word_1_192' title='bbox 1989 2364 2208 2426; x_wconf 89' lang='lat' dir='ltr'>consili</span> <span class='ocrx_word' id='word_1_193' title='bbox 2263 2364 2362 2426; x_wconf 90' lang='lat' dir='ltr'>sui</span> 
     </span>
     <span class='ocr_line' id='line_1_24' title="bbox 214 2458 2363 2540; baseline 0 -19"><span class='ocrx_word' id='word_1_194' title='bbox 214 2463 446 2522; x_wconf 86' lang='lat' dir='ltr'>nactus</span> <span class='ocrx_word' id='word_1_195' title='bbox 495 2479 571 2522; x_wconf 85' lang='lat' dir='ltr'>ex</span> <span class='ocrx_word' id='word_1_196' title='bbox 618 2459 783 2540; x_wconf 88' lang='lat' dir='ltr'>regis</span> <span class='ocrx_word' id='word_1_197' title='bbox 831 2458 1070 2534; x_wconf 88' lang='lat' dir='ltr'>amicis,</span> <span class='ocrx_word' id='word_1_198' title='bbox 1115 2458 1463 2520; x_wconf 87' lang='lat' dir='ltr'>exercitum</span> <span class='ocrx_word' id='word_1_199' title='bbox 1512 2479 1549 2520; x_wconf 94' lang='lat' dir='ltr'>a</span> <span class='ocrx_word' id='word_1_200' title='bbox 1587 2459 1836 2521; x_wconf 88' lang='lat' dir='ltr'>Pelusio</span> <span class='ocrx_word' id='word_1_201' title='bbox 1886 2460 2048 2521; x_wconf 88' lang='lat' dir='ltr'>clam</span> <span class='ocrx_word' id='word_1_202' title='bbox 2090 2459 2363 2521; x_wconf 85' lang='lat' dir='ltr'>Alexan-</span> 
     </span>
     <span class='ocr_line' id='line_1_25' title="bbox 215 2555 2363 2636; baseline 0 -18"><span class='ocrx_word' id='word_1_203' title='bbox 215 2557 424 2619; x_wconf 89' lang='lat' dir='ltr'>driam</span> <span class='ocrx_word' id='word_1_204' title='bbox 478 2556 758 2619; x_wconf 78' lang='lat' dir='ltr'>evocavit</span> <span class='ocrx_word' id='word_1_205' title='bbox 807 2558 996 2636; x_wconf 90' lang='lat' dir='ltr'>atque</span> <span class='ocrx_word' id='word_1_206' title='bbox 1051 2555 1325 2617; x_wconf 88' lang='lat' dir='ltr'>eundem</span> <span class='ocrx_word' id='word_1_207' title='bbox 1373 2555 1713 2631; x_wconf 88' lang='lat' dir='ltr'>Achillam,</span> <span class='ocrx_word' id='word_1_208' title='bbox 1764 2555 1949 2635; x_wconf 82' lang='lat' dir='ltr'>cujus</span> <span class='ocrx_word' id='word_1_209' title='bbox 1992 2574 2181 2635; x_wconf 84' lang='lat' dir='ltr'>supra</span> <span class='ocrx_word' id='word_1_210' title='bbox 2233 2575 2363 2618; x_wconf 92' lang='lat' dir='ltr'>me-</span> 
     </span>
     <span class='ocr_line' id='line_1_26' title="bbox 213 2649 2481 2732; baseline 0 -20"><span class='ocrx_word' id='word_1_211' title='bbox 213 2652 545 2727; x_wconf 87' lang='grc'><strong>1111111111118,</strong></span> <span class='ocrx_word' id='word_1_212' title='bbox 593 2652 887 2713; x_wconf 92' lang='lat' dir='ltr'>omnibus</span> <span class='ocrx_word' id='word_1_213' title='bbox 928 2651 1124 2732; x_wconf 87' lang='lat' dir='ltr'>copiis</span> <span class='ocrx_word' id='word_1_214' title='bbox 1174 2652 1496 2732; x_wconf 79' lang='lat' dir='ltr'>praefecit.</span> <span class='ocrx_word' id='word_1_215' title='bbox 1588 2651 1803 2726; x_wconf 91' lang='lat' dir='ltr'>Hunc,</span> <span class='ocrx_word' id='word_1_216' title='bbox 1849 2649 2192 2711; x_wconf 90' lang='lat' dir='ltr'>incitatum</span> <span class='ocrx_word' id='word_1_217' title='bbox 2234 2651 2363 2712; x_wconf 88' lang='lat' dir='ltr'>suis</span> <span class='ocrx_word' id='word_1_218' title='bbox 2402 2653 2481 2713; x_wconf 81' lang='lat'>25</span> 
     </span>
     <span class='ocr_line' id='line_1_27' title="bbox 215 2744 2379 2828; baseline -0 -19"><span class='ocrx_word' id='word_1_219' title='bbox 215 2751 282 2810; x_wconf 90' lang='lat' dir='ltr'>et</span> <span class='ocrx_word' id='word_1_220' title='bbox 323 2747 492 2828; x_wconf 87' lang='lat' dir='ltr'>regis</span> <span class='ocrx_word' id='word_1_221' title='bbox 531 2747 828 2808; x_wconf 86' lang='lat' dir='ltr'>inflatum</span> <span class='ocrx_word' id='word_1_222' title='bbox 869 2747 1458 2827; x_wconf 87' lang='lat' dir='ltr'>pollicitationibus,</span> <span class='ocrx_word' id='word_1_223' title='bbox 1505 2765 1664 2826; x_wconf 90' lang='lat' dir='ltr'>quae</span> <span class='ocrx_word' id='word_1_224' title='bbox 1706 2744 1843 2807; x_wconf 86' lang='lat' dir='ltr'>fieri</span> <span class='ocrx_word' id='word_1_225' title='bbox 1892 2745 2081 2807; x_wconf 79' lang='lat' dir='ltr'>vellet</span> <span class='ocrx_word' id='word_1_226' title='bbox 2129 2746 2379 2824; x_wconf 28' lang='lat' dir='ltr'>litteris*</span> 
     </span>
     <span class='ocr_line' id='line_1_28' title="bbox 215 2829 2361 2923; baseline -0 -18"><span class='ocrx_word' id='word_1_227' title='bbox 215 2844 591 2923; x_wconf 90' lang='lat' dir='ltr'>nuntiisque</span> <span class='ocrx_word' id='word_1_228' title='bbox 620 2843 890 2906; x_wconf 90' lang='lat' dir='ltr'>edocuit.</span> <span class='ocrx_word' id='word_1_229' title='bbox 981 2844 1062 2904; x_wconf 94' lang='lat' dir='ltr'>In</span> <span class='ocrx_word' id='word_1_230' title='bbox 1089 2846 1472 2905; x_wconf 88' lang='lat' dir='ltr'>testamento</span> <span class='ocrx_word' id='word_1_231' title='bbox 1503 2829 1850 2904; x_wconf 84' lang='lat' dir='ltr'>Ptolemaei</span> <span class='ocrx_word' id='word_1_232' title='bbox 1878 2841 2075 2922; x_wconf 89' lang='lat' dir='ltr'>patris</span> <span class='ocrx_word' id='word_1_233' title='bbox 2103 2841 2361 2904; x_wconf 88' lang='lat' dir='ltr'>heredes</span> 
     </span>
     <span class='ocr_line' id='line_1_29' title="bbox 216 2938 2362 3020; baseline -0.001 -18"><span class='ocrx_word' id='word_1_234' title='bbox 216 2943 400 3003; x_wconf 89' lang='lat' dir='ltr'>erant</span> <span class='ocrx_word' id='word_1_235' title='bbox 455 2939 675 3020; x_wconf 89' lang='lat' dir='ltr'>scripti</span> <span class='ocrx_word' id='word_1_236' title='bbox 731 2959 809 3001; x_wconf 84' lang='lat' dir='ltr'>ex</span> <span class='ocrx_word' id='word_1_237' title='bbox 849 2940 1096 3001; x_wconf 89' lang='lat' dir='ltr'>duobus</span> <span class='ocrx_word' id='word_1_238' title='bbox 1142 2938 1290 3000; x_wconf 90' lang='lat' dir='ltr'>filiis</span> <span class='ocrx_word' id='word_1_239' title='bbox 1345 2940 1552 3019; x_wconf 83' lang='lat' dir='ltr'>major</span> <span class='ocrx_word' id='word_1_240' title='bbox 1605 2940 1671 3000; x_wconf 92' lang='lat' dir='ltr'>et</span> <span class='ocrx_word' id='word_1_241' title='bbox 1712 2957 1789 3000; x_wconf 87' lang='lat' dir='ltr'>ex</span> <span class='ocrx_word' id='word_1_242' title='bbox 1830 2939 2073 3000; x_wconf 90' lang='lat' dir='ltr'>duabus</span> <span class='ocrx_word' id='word_1_243' title='bbox 2113 2938 2362 3000; x_wconf 89' lang='lat' dir='ltr'>filiabus</span> 
     </span>
     <span class='ocr_line' id='line_1_30' title="bbox 216 3033 2361 3117; baseline -0.002 -18"><span class='ocrx_word' id='word_1_244' title='bbox 216 3056 290 3099; x_wconf 87' lang='lat' dir='ltr'>ea</span> <span class='ocrx_word' id='word_1_245' title='bbox 345 3055 504 3117; x_wconf 81' lang='lat' dir='ltr'>quae</span> <span class='ocrx_word' id='word_1_246' title='bbox 559 3039 763 3098; x_wconf 89' lang='lat' dir='ltr'>aetate</span> <span class='ocrx_word' id='word_1_247' title='bbox 805 3036 1233 3099; x_wconf 88' lang='lat' dir='ltr'>antecedebat.</span> <span class='ocrx_word' id='word_1_248' title='bbox 1325 3035 1503 3097; x_wconf 91' lang='lat' dir='ltr'>Haec</span> <span class='ocrx_word' id='word_1_249' title='bbox 1550 3033 1650 3096; x_wconf 89' lang='lat' dir='ltr'>uti</span> <span class='ocrx_word' id='word_1_250' title='bbox 1692 3034 1937 3109; x_wconf 88' lang='lat' dir='ltr'>fierent,</span> <span class='ocrx_word' id='word_1_251' title='bbox 1990 3053 2102 3114; x_wconf 93' lang='lat' dir='ltr'>per</span> <span class='ocrx_word' id='word_1_252' title='bbox 2142 3053 2361 3096; x_wconf 89' lang='grc'><strong>01111188</strong></span> 
     </span>
     <span class='ocr_line' id='line_1_31' title="bbox 217 3129 2481 3212; baseline -0.001 -18"><span class='ocrx_word' id='word_1_253' title='bbox 217 3134 366 3194; x_wconf 89' lang='lat' dir='ltr'>deos</span> <span class='ocrx_word' id='word_1_254' title='bbox 428 3151 663 3212; x_wconf 89' lang='lat' dir='ltr'>perque</span> <span class='ocrx_word' id='word_1_255' title='bbox 731 3132 986 3194; x_wconf 69' lang='lat' dir='ltr'>foedera</span> <span class='ocrx_word' id='word_1_256' title='bbox 1040 3151 1199 3212; x_wconf 85' lang='lat' dir='ltr'>quae</span> <span class='ocrx_word' id='word_1_257' title='bbox 1255 3132 1491 3194; x_wconf 84' lang='lat' dir='ltr'>Romae</span> <span class='ocrx_word' id='word_1_258' title='bbox 1551 3130 1823 3205; x_wconf 79' lang='lat' dir='ltr'>fecisset,</span> <span class='ocrx_word' id='word_1_259' title='bbox 1884 3129 2104 3192; x_wconf 87' lang='lat' dir='ltr'>eodem</span> <span class='ocrx_word' id='word_1_260' title='bbox 2172 3133 2360 3191; x_wconf 90' lang='lat' dir='ltr'>testa-</span> <span class='ocrx_word' id='word_1_261' title='bbox 2401 3133 2481 3192; x_wconf 90' lang='grc'>30</span> 
     </span>
     <span class='ocr_line' id='line_1_32' title="bbox 215 3225 2361 3308; baseline -0.002 -18"><span class='ocrx_word' id='word_1_262' title='bbox 215 3230 436 3291; x_wconf 92' lang='lat' dir='ltr'>mento</span> <span class='ocrx_word' id='word_1_263' title='bbox 467 3228 862 3290; x_wconf 85' lang='lat' dir='ltr'>Ptolemaeus</span> <span class='ocrx_word' id='word_1_264' title='bbox 892 3228 1202 3308; x_wconf 92' lang='lat' dir='ltr'>populum</span> <span class='ocrx_word' id='word_1_265' title='bbox 1226 3227 1585 3288; x_wconf 84' lang='lat' dir='ltr'>Romanum</span> <span class='ocrx_word' id='word_1_266' title='bbox 1614 3226 2060 3288; x_wconf 88' lang='lat' dir='ltr'>obtestabatur.</span> <span class='ocrx_word' id='word_1_267' title='bbox 2151 3225 2361 3286; x_wconf 86' lang='lat' dir='ltr'>Tabu-</span> 
     </span>
     <span class='ocr_line' id='line_1_33' title="bbox 215 3311 2427 3404; baseline -0.002 -18"><span class='ocrx_word' id='word_1_268' title='bbox 215 3325 312 3386; x_wconf 88' lang='lat' dir='ltr'>lae</span> <span class='ocrx_word' id='word_1_269' title='bbox 354 3323 721 3386; x_wconf 85' lang='lat' dir='ltr'>testamenti</span> <span class='ocrx_word' id='word_1_270' title='bbox 761 3342 926 3384; x_wconf 87' lang='lat' dir='ltr'>unae</span> <span class='ocrx_word' id='word_1_271' title='bbox 967 3343 1082 3402; x_wconf 82' lang='lat' dir='ltr'>per</span> <span class='ocrx_word' id='word_1_272' title='bbox 1119 3324 1358 3404; x_wconf 88' lang='lat' dir='ltr'>legatos</span> <span class='ocrx_word' id='word_1_273' title='bbox 1401 3324 1539 3404; x_wconf 83' lang='lat' dir='ltr'>ejus</span> <span class='ocrx_word' id='word_1_274' title='bbox 1582 3322 1848 3384; x_wconf 88' lang='lat' dir='ltr'>Romam</span> <span class='ocrx_word' id='word_1_275' title='bbox 1886 3323 2065 3382; x_wconf 89' lang='lat' dir='ltr'>erant</span> <span class='ocrx_word' id='word_1_276' title='bbox 2107 3320 2351 3396; x_wconf 77' lang='lat' dir='ltr'>allatae,</span> <span class='ocrx_word' id='word_1_277' title='bbox 2422 3311 2427 3317; x_wconf 42' lang='lat'>⁵</span> 
     </span>
     <span class='ocr_line' id='line_1_34' title="bbox 215 3416 2359 3499; baseline -0.003 -17"><span class='ocrx_word' id='word_1_278' title='bbox 215 3423 292 3482; x_wconf 88' lang='lat' dir='ltr'>ut</span> <span class='ocrx_word' id='word_1_279' title='bbox 334 3420 404 3481; x_wconf 92' lang='lat' dir='ltr'>in</span> <span class='ocrx_word' id='word_1_280' title='bbox 448 3419 682 3482; x_wconf 90' lang='lat' dir='ltr'>aerario</span> <span class='ocrx_word' id='word_1_281' title='bbox 722 3422 1110 3499; x_wconf 89' lang='lat' dir='ltr'>ponerentur</span> <span class='ocrx_word' id='word_1_282' title='bbox 1143 3419 1307 3497; x_wconf 91' lang='lat' dir='ltr'>(hae,</span> <span class='ocrx_word' id='word_1_283' title='bbox 1356 3438 1505 3480; x_wconf 91' lang='lat' dir='ltr'>cum</span> <span class='ocrx_word' id='word_1_284' title='bbox 1546 3421 1805 3498; x_wconf 89' lang='lat' dir='ltr'>propter</span> <span class='ocrx_word' id='word_1_285' title='bbox 1851 3416 2134 3496; x_wconf 83' lang='lat' dir='ltr'>publicas</span> <span class='ocrx_word' id='word_1_286' title='bbox 2176 3433 2359 3476; x_wconf 89' lang='lat' dir='ltr'>occu-</span> 
     </span>
     <span class='ocr_line' id='line_1_35' title="bbox 215 3511 2357 3597; baseline -0.004 -20"><span class='ocrx_word' id='word_1_287' title='bbox 215 3516 506 3597; x_wconf 87' lang='lat' dir='ltr'>pationes</span> <span class='ocrx_word' id='word_1_288' title='bbox 558 3514 713 3596; x_wconf 92' lang='lat' dir='ltr'>poni</span> <span class='ocrx_word' id='word_1_289' title='bbox 767 3535 898 3576; x_wconf 91' lang='lat' dir='ltr'>non</span> <span class='ocrx_word' id='word_1_290' title='bbox 945 3513 1320 3594; x_wconf 87' lang='lat' dir='ltr'>potuissent,</span> <span class='ocrx_word' id='word_1_291' title='bbox 1381 3514 1554 3595; x_wconf 89' lang='lat' dir='ltr'>apud</span> <span class='ocrx_word' id='word_1_292' title='bbox 1608 3511 1985 3594; x_wconf 91' lang='lat' dir='ltr'>Pompeium</span> <span class='ocrx_word' id='word_1_293' title='bbox 2046 3513 2197 3571; x_wconf 80' lang='lat' dir='ltr'>sunt</span> <span class='ocrx_word' id='word_1_294' title='bbox 2252 3511 2357 3570; x_wconf 89' lang='lat' dir='ltr'>de-</span> 
     </span>
     <span class='ocr_line' id='line_1_36' title="bbox 215 3594 2475 3695; baseline -0.003 -20"><span class='ocrx_word' id='word_1_295' title='bbox 215 3612 511 3695; x_wconf 80' lang='lat' dir='ltr'>positae),</span> <span class='ocrx_word' id='word_1_296' title='bbox 558 3613 787 3674; x_wconf 80' lang='lat' dir='ltr'>alterae</span> <span class='ocrx_word' id='word_1_297' title='bbox 839 3594 1395 3690; x_wconf 61' lang='lat' dir='ltr'>eodem&#39;Te&#39;iemplo</span> <span class='ocrx_word' id='word_1_298' title='bbox 1448 3610 1701 3672; x_wconf 85' lang='lat' dir='ltr'>relictae</span> <span class='ocrx_word' id='word_1_299' title='bbox 1756 3612 1945 3690; x_wconf 87' lang='lat' dir='ltr'>atque</span> <span class='ocrx_word' id='word_1_300' title='bbox 1994 3606 2357 3688; x_wconf 86' lang='lat' dir='ltr'>obsignatae</span> <span class='ocrx_word' id='word_1_301' title='bbox 2398 3609 2475 3669; x_wconf 87' lang='lat'>35</span> 
     </span>
    </p>
   </div>
   <div class='ocr_carea' id='block_1_4' title="bbox 216 3705 2355 3812">
    <p class='ocr_par' dir='ltr' id='par_1_5' title="bbox 216 3705 2355 3812">
     <span class='ocr_line' id='line_1_37' title="bbox 216 3705 2355 3812; baseline -0.004 -42"><span class='ocrx_word' id='word_1_302' title='bbox 216 3709 638 3772; x_wconf 86' lang='lat' dir='ltr'>Alexandriae</span> <span class='ocrx_word' id='word_1_303' title='bbox 666 3707 1166 3788; x_wconf 76' lang='lat' dir='ltr'>proferebantur.</span> <span class='ocrx_word' id='word_1_304' title='bbox 1193 3707 1198 3714; x_wconf 82' lang='grc'><strong>’</strong></span> <span class='ocrx_word' id='word_1_305' title='bbox 1250 3705 1431 3806; x_wconf 66' lang='lat' dir='ltr'>CIX.</span> <span class='ocrx_word' id='word_1_306' title='bbox 1480 3705 1577 3767; x_wconf 95' lang='lat' dir='ltr'>De</span> <span class='ocrx_word' id='word_1_307' title='bbox 1606 3705 1706 3767; x_wconf 90' lang='lat' dir='ltr'>his</span> <span class='ocrx_word' id='word_1_308' title='bbox 1732 3705 1917 3767; x_wconf 87' lang='lat' dir='ltr'>rebus</span> <span class='ocrx_word' id='word_1_309' title='bbox 1958 3723 2105 3765; x_wconf 91' lang='lat' dir='ltr'>cum</span> <span class='ocrx_word' id='word_1_310' title='bbox 2138 3721 2355 3812; x_wconf 55' lang='lat' dir='ltr'>Q·</span> 
     </span>
    </p>
   </div>
  </div>
 </body>
</html>
