2734 4167
1334 0 1722 84 *⁶2⁴-
1818 0 2045 115 JKQ
2116 0 2710 116 J7†&‘59)

2403 115 2412 172 ἑ

921 240 1149 295 coust.
1188 241 1238 293 I.
1282 239 1370 292 GA
1381 240 1451 294 P.
1492 240 1671 293 XXX
1678 239 1911 295 v-XL.
2450 244 2528 303 29

262 422 406 464 sum
448 402 521 462 in
552 401 933 481 Hispaniam
961 404 1468 465 demonstratum
1513 406 1631 479 est,
1664 404 1972 465 Afranius
2013 405 2078 466 et
2121 403 2422 466 Petreius
2533 416 2554 439 ·

263 502 329 560 et
350 499 580 573 Varro,
603 497 798 578 legati
829 498 1133 579 Pompeii,
1158 519 1430 579 quorum
1457 519 1625 561 unus
1648 499 2026 579 Hispaniam
2053 500 2407 573 citeriorem
2424 462 2711 580 Q

262 594 475 655 tribus
519 593 901 675 legionibus,
935 596 1093 657 alter
1135 594 1500 657 ulteriorem
1550 615 1588 656 a
1635 597 1803 657 saltu
1848 596 2285 659 Castulonensi
2327 599 2410 659 ad

261 691 482 752 Anam
527 692 772 754 duabus
808 692 1181 774 legionibus,
1218 691 1446 753 tertius
1489 692 1568 753 ab
1611 691 1756 752 Ana
1781 692 2139 755 Vettonum
2182 714 2408 775 agrum

265 788 791 870 Lusitaniamque
819 788 954 869 pari
983 808 1249 849 numero
1277 787 1604 869 legionum
1632 788 1978 865 obtinebat,
2006 791 2213 852 officia
2238 790 2409 852 inter
2490 793 2528 853 5

264 904 329 947 se
372 884 765 964 partiuntur,
798 885 898 947 uti
942 885 1229 947 Petreius
1269 904 1345 945 ex
1389 883 1721 945 Lusitania
1761 904 1874 965 per
1902 885 2209 948 Vettones
2258 907 2408 948 cum

266 981 566 1042 omnibus
614 981 811 1061 copiis
858 982 939 1042 ad
986 980 1332 1044 Afranium
1379 980 1834 1061 proficiscatur,
1883 982 2087 1045 Varro
2134 1002 2284 1044 cum
2331 982 2408 1044 iis

267 1096 425 1157 quas
454 1076 726 1139 habebat
752 1077 1107 1160 legionibus
1149 1079 1405 1140 omnem
1432 1077 1799 1140 ulteriorem
1827 1078 2206 1158 Hispaniam
2233 1082 2408 1141 tuea-

266 1177 397 1235 tur.
476 1174 598 1235 His
624 1175 812 1236 rebus
840 1175 1209 1236 constitutis
1236 1174 1480 1255 equites
1507 1174 1866 1255 auxiliaque
1887 1175 2012 1236 toti
2040 1175 2407 1237 Lusitaniae

267 1291 306 1331 a
350 1269 621 1346 Petreio,
673 1271 1066 1348 Celtiberiae,
1097 1260 1448 1335 ‘Cantabris
1501 1272 1904 1353 barbarisque
1959 1273 2253 1335 omnibus
2295 1273 2405 1354 qui
2450 1276 2527 1336 10

99 1336 143 1392 x
403 1368 727 1431 Oceanum
781 1370 1128 1449 pertinent,
1183 1371 1261 1431 ab
1311 1369 1581 1431 Afranio
1636 1369 2052 1450 imperantur.
2164 1369 2406 1445 Quibus

21 1370 513 1630 ff&
533 1466 820 1529 celeriter
842 1466 1128 1529 Petreius
1154 1486 1270 1547 per
1290 1466 1598 1529 Vettones
1625 1467 1707 1529 ad
1728 1466 2071 1528 Afranium
2092 1468 2401 1547 pervenit,

268 1563 799 1645 constituuntque
828 1563 1153 1626 communi
1183 1563 1443 1626 consilio
1470 1564 1711 1626 bellum
1739 1564 1820 1625 ad
1848 1564 2124 1625 Ilerdam
2150 1567 2409 1644 propter

269 1661 469 1740 ipsius
491 1660 616 1722 loci
645 1655 1199 1742 opportunitatem
1213 1662 1453 1742 gerere.
1518 1660 1833 1723 XXXIX.
1872 1661 2097 1736 Erant,
2123 1664 2199 1722 ut
2219 1681 2410 1741 supra

268 1759 780 1820 demonstratum
821 1761 935 1834 est,
968 1758 1249 1843 legiones
1266 1756 1544 1832 ‚Afranii
1588 1774 1699 1833 111,
1735 1757 1968 1819 Petreii
2011 1759 2194 1833 duae,
2226 1777 2403 1837 prae-
2448 1761 2524 1824 15

130 1857 139 1866 ’
267 1858 443 1917 terea
510 1857 790 1935 SOQae
860 1845 1168 1928 citerioris
1190 1852 1205 1876 ’“
1220 1853 1580 1934 provinciae
1641 1858 1708 1916 et
1765 1856 2038 1936 cetratae
2091 1854 2409 1934 ulterioris

270 1951 622 2031 Hispaniae
656 1951 943 2014 cohortes
973 1951 1224 2015 circiter
1252 1968 1443 2012 LXXX
1472 1950 1882 2031 equitumque
1909 1951 2239 2031 utriusque
2267 1970 2409 2031 pro-
2475 1949 2514 1996 -1

267 2048 516 2112 vinciae
546 2048 796 2110 circiter
822 2066 868 2111 v
899 2049 1090 2111 milia.
1184 2047 1409 2110 Caesar
1434 2047 1711 2128 legiones
1738 2047 1805 2107 in
1831 2046 2208 2128 Hispaniam
2234 2066 2409 2127 prae-
2475 2090 2504 2101 -

267 2145 529 2207 miserat
558 2161 655 2220 VI,
690 2135 925 2206 auxilia
949 2145 1241 2225 peditum
1271 2192 1286 2207 .
1325 2192 1340 2207 .
1377 2144 1574 2219 milia,
1608 2144 1899 2223 equitum
1927 2160 2019 2204 111
2046 2143 2224 2205 milia
2250 2163 2409 2223 quae

269 2242 569 2303 omnibus
623 2242 1047 2322 superioribus
1095 2242 1274 2304 bell'is
1321 2242 1648 2316 habuerat,
1704 2244 1768 2303 et
1814 2260 2032 2326 parem
2079 2259 2156 2302 ex
2206 2239 2411 2301 Gallia
2451 2243 2529 2302 20

267 2359 635 2414 numerum,
663 2359 853 2419 qua-m
881 2339 1012 2419 ipse
1040 2342 1390 2430 paca-verat,
1418 2337 1799 2409 nominatim
1828 2358 1903 2399 ex
1939 2336 2233 2398 omnibus
2260 2336 2410 2398 civi-

266 2434 513 2516 tatibus
561 2435 948 2497 nobilissimo
999 2456 1245 2517 quoque
1295 2437 1572 2510 evocat0,
1626 2434 1754 2496 huc
1784 2482 1799 2497 .
1838 2479 1854 2496 .
1889 2432 2116 2513 optimi
2164 2432 2410 2513 generis

268 2531 611 2592 hominum
639 2551 717 2593 ex
743 2522 1082 2612 Aquitanis
1108 2531 1551 2611 montanisque
1581 2531 1689 2611 qui
1722 2530 1993 2593 Galliam
2020 2529 2410 2610 provinciam

269 2627 625 2710 attingunt.
717 2627 1027 2691 Audierat
1070 2630 1446 2710 Pompeium
1487 2650 1618 2710 per·
1642 2628 2094 2690 Mauritaniam
2134 2646 2283 2688 cum
2323 2628 2409 2689 le-

268 2724 568 2806 gionibus
608 2724 732 2787 iter
767 2725 837 2787 in
866 2725 1244 2807 Hispaniam
1270 2728 1476 2789 facere
1520 2726 1977 2805 confestimque
2019 2743 2146 2786 esse
2185 2726 2410 2788 ventu·
2451 2726 2528 2785 25

269 2841 435 2884 rum.
527 2822 734 2884 Simul
775 2842 814 2884 a
854 2823 1131 2886 tribunis
1170 2823 1454 2885 militum
1496 2821 2101 2901 centurionibusque
2150 2824 2406 2902 mutuas

138 2939 184 2975 ο
355 2919 574 2980 cunias
643 2919 960 3010 suQsit3
1028 2920 1142 2982 has
1211 2920 1515 2984 exercitui
1585 2918 1930 2983 distribuit.
2036 2916 2175 2993 Quo
2238 2919 2409 2979 sacto

22 2938 444 3094 ,fh
469 3037 568 3081 res
611 3023 985 3082 consecutus
1027 3023 1141 3096 est,
1175 3020 1347 3100 quod
1387 3019 1650 3102 pignore
1692 3011 2664 3175 animong

271 3115 562 3177 devinxit
609 3118 675 3177 et
730 3116 1064 3197 largitione
1121 3116 1403 3178 militum
1459 3116 1683 3178 volunt
1787 3135 1816 3177 8
1870 3114 2157 3184 redemit.
2382 3161 2399 3176 .
2481 3116 2711 3166 &au-2¹—

271 3212 509 3274 Fabius
536 3211 959 3273 finitimarum
987 3214 1320 3291 civitatum
1348 3213 1591 3276 animos
1617 3212 1849 3276 litteris
1875 3210 2243 3291 nuntiisque
2272 3212 2408 3272 ten·
2450 3214 2529 3272 30

269 3310 467 3371 tabat.
561 3309 642 3370 In
690 3309 904 3372 Sicore
961 3310 1222 3373 flumine
1276 3313 1503 3391 pontes
1558 3311 1850 3374 effecerat
1898 3310 2055 3369 duos
2104 3306 2409 3368 distantes

269 3406 443 3469 inter
481 3426 547 3469 se
588 3405 769 3467 milia
806 3426 1106 3486 passuum
1143 3410 1465 3487 quattuor.
1557 3407 1677 3469 His
1705 3405 2006 3486 pontibus
2033 3403 2409 3492 pabulatum

268 3503 591 3578 mittebat,
641 3503 807 3582 quod
861 3522 933 3564 ea
981 3523 1138 3582 quae
1188 3505 1348 3565 citra
1395 3504 1634 3565 flumen
1681 3503 1937 3565 fuerant
1984 3498 2409 3580 superioribus

269 3602 493 3662 diebus
522 3602 1017 3680 consumpserat.
1094 3598 1251 3663 'Hoc
1280 3601 1450 3662 idem
1478 3601 1609 3663 sere
1639 3603 1827 3681 atque
1855 3598 2074 3660 eadem
2102 3597 2180 3658 de
2222 3614 2409 3657 causa

269 3695 650 3778 Pompeiani
705 3697 1013 3759 exercitus
1067 3698 1256 3760 duces
1310 3696 1651 3773 faciebant,
1714 3696 2057 3775 crebroque
2110 3692 2279 3754 inter
2341 3710 2409 3779 ⁴se
2450 3689 2527 3749 35

267 3793 669 3874 equestribus
696 3792 975 3872 proeliis
1031 3792 1515 3855 contendebant.
1633 3793 1782 3854 Huc
1837 3811 1985 3852 cum
2040 3788 2410 3867 quotidiana
