<?xml version="1.0" encoding="UTF-8"?>
<!DOCTYPE html PUBLIC "-//W3C//DTD XHTML 1.0 Transitional//EN"
    "http://www.w3.org/TR/xhtml1/DTD/xhtml1-transitional.dtd">
<html xmlns="http://www.w3.org/1999/xhtml" xml:lang="en" lang="en">
 <head>
  <title>
</title>
<meta http-equiv="Content-Type" content="text/html;charset=utf-8" />
  <meta name='ocr-system' content='tesseract 3.04.00' />
  <meta name='ocr-capabilities' content='ocr_page ocr_carea ocr_par ocr_line ocrx_word'/>
</head>
<body>
  <div class='ocr_page' id='page_1' title='image "./cjuliicaesarisd00perrgoog_0091.png"; bbox 0 0 2734 4167; ppageno 0'>
   <div class='ocr_carea' id='block_1_1' title="bbox 237 191 1730 258">
    <p class='ocr_par' dir='ltr' id='par_1_1' title="bbox 237 191 1730 258">
     <span class='ocr_line' id='line_1_1' title="bbox 237 191 1730 258; baseline -0.001 -13"><span class='ocrx_word' id='word_1_1' title='bbox 237 198 320 258; x_wconf 83' lang='grc'>80</span> <span class='ocrx_word' id='word_1_2' title='bbox 1017 192 1134 244; x_wconf 75' lang='lat' dir='ltr'>DE</span> <span class='ocrx_word' id='word_1_3' title='bbox 1170 191 1431 244; x_wconf 75' lang='lat' dir='ltr'><em>BELLO</em></span> <span class='ocrx_word' id='word_1_4' title='bbox 1477 191 1730 246; x_wconf 78' lang='lat' dir='ltr'>CIVILI</span> 
     </span>
    </p>
   </div>
   <div class='ocr_carea' id='block_1_2' title="bbox 154 353 2507 3817">
    <p class='ocr_par' dir='ltr' id='par_1_2' title="bbox 355 353 2495 438">
     <span class='ocr_line' id='line_1_2' title="bbox 355 353 2495 438; baseline 0.001 -20"><span class='ocrx_word' id='word_1_5' title='bbox 355 360 518 420; x_wconf 86' lang='lat' dir='ltr'>tates</span> <span class='ocrx_word' id='word_1_6' title='bbox 563 358 824 438; x_wconf 90' lang='lat' dir='ltr'>totaque</span> <span class='ocrx_word' id='word_1_7' title='bbox 873 356 1121 436; x_wconf 81' lang='lat' dir='ltr'>Epiros,</span> <span class='ocrx_word' id='word_1_8' title='bbox 1175 359 1241 418; x_wconf 89' lang='lat' dir='ltr'>et</span> <span class='ocrx_word' id='word_1_9' title='bbox 1287 355 1513 438; x_wconf 86' lang='lat' dir='ltr'>legatis</span> <span class='ocrx_word' id='word_1_10' title='bbox 1560 356 1643 417; x_wconf 84' lang='lat' dir='ltr'>ad</span> <span class='ocrx_word' id='word_1_11' title='bbox 1692 353 2023 418; x_wconf 83' lang='lat' dir='ltr'>Gaesarem</span> <span class='ocrx_word' id='word_1_12' title='bbox 2078 355 2283 419; x_wconf 87' lang='lat' dir='ltr'>missis</span> <span class='ocrx_word' id='word_1_13' title='bbox 2330 373 2495 438; x_wconf 81' lang='lat' dir='ltr'>quae</span> 
     </span>
    </p>

    <p class='ocr_par' dir='ltr' id='par_1_3' title="bbox 358 451 2497 536">
     <span class='ocr_line' id='line_1_3' title="bbox 358 451 2497 536; baseline -0.001 -20"><span class='ocrx_word' id='word_1_14' title='bbox 358 455 698 536; x_wconf 75' lang='lat' dir='ltr'>imperaret</span> <span class='ocrx_word' id='word_1_15' title='bbox 744 455 1024 516; x_wconf 77' lang='lat' dir='ltr'>facturos</span> <span class='ocrx_word' id='word_1_16' title='bbox 1071 454 1468 534; x_wconf 88' lang='lat' dir='ltr'>pollicentur.</span> <span class='ocrx_word' id='word_1_17' title='bbox 1581 451 1771 515; x_wconf 90' lang='lat' dir='ltr'>XIII.</span> <span class='ocrx_word' id='word_1_18' title='bbox 1826 453 1919 515; x_wconf 90' lang='lat' dir='ltr'>At</span> <span class='ocrx_word' id='word_1_19' title='bbox 1968 454 2303 534; x_wconf 89' lang='lat' dir='ltr'>Pompeius</span> <span class='ocrx_word' id='word_1_20' title='bbox 2352 473 2497 536; x_wconf 87' lang='lat' dir='ltr'>cog-</span> 
     </span>
    </p>

    <p class='ocr_par' dir='ltr' id='par_1_4' title="bbox 357 549 2487 632">
     <span class='ocr_line' id='line_1_4' title="bbox 357 549 2487 632; baseline 0 -20"><span class='ocrx_word' id='word_1_21' title='bbox 357 551 511 614; x_wconf 86' lang='lat' dir='ltr'>nitis</span> <span class='ocrx_word' id='word_1_22' title='bbox 559 552 660 614; x_wconf 88' lang='lat' dir='ltr'>his</span> <span class='ocrx_word' id='word_1_23' title='bbox 706 553 890 614; x_wconf 87' lang='lat' dir='ltr'>rebus</span> <span class='ocrx_word' id='word_1_24' title='bbox 939 571 1096 632; x_wconf 84' lang='lat' dir='ltr'>quae</span> <span class='ocrx_word' id='word_1_25' title='bbox 1147 552 1326 613; x_wconf 86' lang='lat' dir='ltr'>erant</span> <span class='ocrx_word' id='word_1_26' title='bbox 1378 549 1549 611; x_wconf 82' lang='lat' dir='ltr'>Orici</span> <span class='ocrx_word' id='word_1_27' title='bbox 1596 551 1785 631; x_wconf 87' lang='lat' dir='ltr'>atque</span> <span class='ocrx_word' id='word_1_28' title='bbox 1836 549 2207 630; x_wconf 72' lang='lat' dir='ltr'><strong>Apolloniae</strong></span> <span class='ocrx_word' id='word_1_29' title='bbox 2256 553 2487 632; x_wconf 87' lang='lat' dir='ltr'>gestae,</span> 
     </span>
    </p>

    <p class='ocr_par' dir='ltr' id='par_1_5' title="bbox 359 645 2495 731">
     <span class='ocr_line' id='line_1_5' title="bbox 359 645 2495 731; baseline -0.002 -21"><span class='ocrx_word' id='word_1_30' title='bbox 359 647 757 731; x_wconf 75' lang='lat' dir='ltr'>Dyrrhachio</span> <span class='ocrx_word' id='word_1_31' title='bbox 784 648 1037 724; x_wconf 84' lang='lat' dir='ltr'>timens,</span> <span class='ocrx_word' id='word_1_32' title='bbox 1075 647 1322 708; x_wconf 88' lang='lat' dir='ltr'>diurnis</span> <span class='ocrx_word' id='word_1_33' title='bbox 1363 667 1437 708; x_wconf 89' lang='lat' dir='ltr'>eo</span> <span class='ocrx_word' id='word_1_34' title='bbox 1478 645 1929 726; x_wconf 75' lang='lat' dir='ltr'>nocturnisque</span> <span class='ocrx_word' id='word_1_35' title='bbox 1978 646 2313 708; x_wconf 75' lang='lat' dir='ltr'>itineribus</span> <span class='ocrx_word' id='word_1_36' title='bbox 2346 665 2495 717; x_wconf 84' lang='lat' dir='ltr'>con-</span> 
     </span>
    </p>

    <p class='ocr_par' dir='ltr' id='par_1_6' title="bbox 154 741 2497 824">
     <span class='ocr_line' id='line_1_6' title="bbox 154 741 2497 824; baseline -0.002 -14"><span class='ocrx_word' id='word_1_37' title='bbox 154 767 160 772; x_wconf 89' lang='lat'>·</span> <span class='ocrx_word' id='word_1_38' title='bbox 277 749 318 809; x_wconf 78' lang='lat'><strong>5</strong></span> <span class='ocrx_word' id='word_1_39' title='bbox 357 745 586 810; x_wconf 87' lang='lat' dir='ltr'>tendit.</span> <span class='ocrx_word' id='word_1_40' title='bbox 693 743 897 806; x_wconf 90' lang='lat' dir='ltr'>Simul</span> <span class='ocrx_word' id='word_1_41' title='bbox 947 743 1170 808; x_wconf 86' lang='lat' dir='ltr'>Caesar</span> <span class='ocrx_word' id='word_1_42' title='bbox 1218 742 1721 824; x_wconf 83' lang='lat' dir='ltr'>appropinquare</span> <span class='ocrx_word' id='word_1_43' title='bbox 1770 741 2121 818; x_wconf 86' lang='lat' dir='ltr'>dicebatur,</span> <span class='ocrx_word' id='word_1_44' title='bbox 2154 745 2497 823; x_wconf 85' lang='lat' dir='ltr'>tantusque</span> 
     </span>
    </p>

    <p class='ocr_par' dir='ltr' id='par_1_7' title="bbox 358 839 2496 922">
     <span class='ocr_line' id='line_1_7' title="bbox 358 839 2496 922; baseline -0.002 -18"><span class='ocrx_word' id='word_1_45' title='bbox 358 844 561 904; x_wconf 86' lang='lat' dir='ltr'>terror</span> <span class='ocrx_word' id='word_1_46' title='bbox 588 841 813 902; x_wconf 86' lang='lat' dir='ltr'>incidit</span> <span class='ocrx_word' id='word_1_47' title='bbox 841 841 978 922; x_wconf 85' lang='lat' dir='ltr'>ejus</span> <span class='ocrx_word' id='word_1_48' title='bbox 1000 839 1322 915; x_wconf 82' lang='lat' dir='ltr'>exercitui,</span> <span class='ocrx_word' id='word_1_49' title='bbox 1344 839 1515 920; x_wconf 89' lang='lat' dir='ltr'>quod</span> <span class='ocrx_word' id='word_1_50' title='bbox 1541 858 1882 919; x_wconf 88' lang='lat' dir='ltr'>properans</span> <span class='ocrx_word' id='word_1_51' title='bbox 1910 843 2165 901; x_wconf 89' lang='lat' dir='ltr'>noctem</span> <span class='ocrx_word' id='word_1_52' title='bbox 2193 840 2317 902; x_wconf 88' lang='lat' dir='ltr'>diei</span> <span class='ocrx_word' id='word_1_53' title='bbox 2347 859 2496 900; x_wconf 90' lang='lat' dir='ltr'>con-</span> 
     </span>
    </p>

    <p class='ocr_par' dir='ltr' id='par_1_8' title="bbox 358 936 2497 1020">
     <span class='ocr_line' id='line_1_8' title="bbox 358 936 2497 1020; baseline -0 -20"><span class='ocrx_word' id='word_1_54' title='bbox 358 938 658 1020; x_wconf 81' lang='lat' dir='ltr'>junxerat</span> <span class='ocrx_word' id='word_1_55' title='bbox 685 958 886 1018; x_wconf 88' lang='lat' dir='ltr'>neque</span> <span class='ocrx_word' id='word_1_56' title='bbox 928 938 1052 1000; x_wconf 88' lang='lat' dir='ltr'>iter</span> <span class='ocrx_word' id='word_1_57' title='bbox 1091 937 1535 1013; x_wconf 81' lang='lat' dir='ltr'>intermiserat,</span> <span class='ocrx_word' id='word_1_58' title='bbox 1568 941 1645 998; x_wconf 94' lang='lat' dir='ltr'>ut</span> <span class='ocrx_word' id='word_1_59' title='bbox 1684 956 1881 1018; x_wconf 86' lang='lat' dir='ltr'>paene</span> <span class='ocrx_word' id='word_1_60' title='bbox 1932 957 2146 998; x_wconf 89' lang='lat' dir='ltr'>omnes</span> <span class='ocrx_word' id='word_1_61' title='bbox 2196 957 2271 998; x_wconf 83' lang='lat' dir='ltr'>ex</span> <span class='ocrx_word' id='word_1_62' title='bbox 2298 936 2497 1017; x_wconf 85' lang='lat' dir='ltr'>Epiro</span> 
     </span>
    </p>

    <p class='ocr_par' dir='ltr' id='par_1_9' title="bbox 357 1033 2497 1116">
     <span class='ocr_line' id='line_1_9' title="bbox 357 1033 2497 1116; baseline -0.001 -20"><span class='ocrx_word' id='word_1_63' title='bbox 357 1034 770 1114; x_wconf 88' lang='lat' dir='ltr'>finitimisque</span> <span class='ocrx_word' id='word_1_64' title='bbox 813 1033 1175 1115; x_wconf 86' lang='lat' dir='ltr'>regionibus</span> <span class='ocrx_word' id='word_1_65' title='bbox 1217 1034 1399 1116; x_wconf 88' lang='lat' dir='ltr'>signa</span> <span class='ocrx_word' id='word_1_66' title='bbox 1438 1033 1887 1114; x_wconf 87' lang='lat' dir='ltr'>relinquerent,</span> <span class='ocrx_word' id='word_1_67' title='bbox 1923 1033 2274 1113; x_wconf 86' lang='lat' dir='ltr'>complures</span> <span class='ocrx_word' id='word_1_68' title='bbox 2322 1052 2497 1094; x_wconf 86' lang='lat' dir='ltr'>arma</span> 
     </span>
    </p>

    <p class='ocr_par' dir='ltr' id='par_1_10' title="bbox 357 1129 2499 1241">
     <span class='ocr_line' id='line_1_10' title="bbox 357 1129 2499 1241; baseline 0 -47"><span class='ocrx_word' id='word_1_69' title='bbox 357 1132 760 1213; x_wconf 84' lang='lat' dir='ltr'>projicerent,</span> <span class='ocrx_word' id='word_1_70' title='bbox 795 1151 866 1193; x_wconf 91' lang='lat' dir='ltr'>ac</span> <span class='ocrx_word' id='word_1_71' title='bbox 894 1132 1086 1212; x_wconf 76' lang='lat' dir='ltr'>fugae</span> <span class='ocrx_word' id='word_1_72' title='bbox 1113 1131 1317 1194; x_wconf 90' lang='lat' dir='ltr'>simile</span> <span class='ocrx_word' id='word_1_73' title='bbox 1345 1132 1471 1194; x_wconf 90' lang='lat' dir='ltr'>iter</span> <span class='ocrx_word' id='word_1_74' title='bbox 1510 1131 1853 1194; x_wconf 81' lang='lat' dir='ltr'>videretur.</span> <span class='ocrx_word' id='word_1_75' title='bbox 1946 1129 2071 1192; x_wconf 87' lang='lat' dir='ltr'>Sed</span> <span class='ocrx_word' id='word_1_76' title='bbox 2113 1150 2260 1191; x_wconf 90' lang='lat' dir='ltr'>cum</span> <span class='ocrx_word' id='word_1_77' title='bbox 2291 1149 2499 1241; x_wconf 83' lang='lat' dir='ltr'>prope</span> 
     </span>
    </p>

    <p class='ocr_par' dir='ltr' id='par_1_11' title="bbox 226 1204 2499 1311">
     <span class='ocr_line' id='line_1_11' title="bbox 226 1204 2499 1311; baseline -0 -19.994"><span class='ocrx_word' id='word_1_78' title='bbox 226 1229 318 1292; x_wconf 91' lang='grc'>10</span> <span class='ocrx_word' id='word_1_79' title='bbox 359 1227 830 1311; x_wconf 83' lang='lat' dir='ltr'>Dyrrhachium</span> <span class='ocrx_word' id='word_1_80' title='bbox 861 1227 1199 1309; x_wconf 89' lang='lat' dir='ltr'>Pompeius</span> <span class='ocrx_word' id='word_1_81' title='bbox 1241 1228 1624 1291; x_wconf 81' lang='lat' dir='ltr'>constitisset</span> <span class='ocrx_word' id='word_1_82' title='bbox 1666 1230 1992 1308; x_wconf 88' lang='lat' dir='ltr'>castraque</span> <span class='ocrx_word' id='word_1_83' title='bbox 2025 1204 2265 1288; x_wconf 77' lang='lat' dir='ltr'>metam</span> <span class='ocrx_word' id='word_1_84' title='bbox 2279 1226 2499 1308; x_wconf 77' lang='lat' dir='ltr'>jussis-</span> 
     </span>
    </p>

    <p class='ocr_par' dir='ltr' id='par_1_12' title="bbox 181 1295 2499 1405">
     <span class='ocr_line' id='line_1_12' title="bbox 181 1295 2499 1405; baseline 0 -19"><span class='ocrx_word' id='word_1_85' title='bbox 181 1295 208 1368; x_wconf 47' lang='lat' dir='ltr'>t</span> <span class='ocrx_word' id='word_1_86' title='bbox 359 1327 474 1400; x_wconf 90' lang='lat' dir='ltr'>set,</span> <span class='ocrx_word' id='word_1_87' title='bbox 503 1325 836 1405; x_wconf 87' lang='lat' dir='ltr'>perterrito</span> <span class='ocrx_word' id='word_1_88' title='bbox 866 1325 1059 1387; x_wconf 87' lang='lat' dir='ltr'>etiam</span> <span class='ocrx_word' id='word_1_89' title='bbox 1086 1327 1230 1386; x_wconf 87' lang='lat' dir='ltr'>tum</span> <span class='ocrx_word' id='word_1_90' title='bbox 1256 1323 1535 1387; x_wconf 83' lang='lat' dir='ltr'>exercitu</span> <span class='ocrx_word' id='word_1_91' title='bbox 1557 1323 1848 1404; x_wconf 89' lang='lat' dir='ltr'>princeps</span> <span class='ocrx_word' id='word_1_92' title='bbox 1871 1322 2185 1386; x_wconf 86' lang='lat' dir='ltr'>Labienus</span> <span class='ocrx_word' id='word_1_93' title='bbox 2212 1323 2499 1405; x_wconf 80' lang='lat' dir='ltr'>procedit</span> 
     </span>
    </p>

    <p class='ocr_par' dir='ltr' id='par_1_13' title="bbox 357 1420 2500 1503">
     <span class='ocr_line' id='line_1_13' title="bbox 357 1420 2500 1503; baseline -0 -21"><span class='ocrx_word' id='word_1_94' title='bbox 357 1421 655 1503; x_wconf 84' lang='lat' dir='ltr'>juratque</span> <span class='ocrx_word' id='word_1_95' title='bbox 695 1441 760 1482; x_wconf 93' lang='grc'>36</span> <span class='ocrx_word' id='word_1_96' title='bbox 801 1440 949 1482; x_wconf 87' lang='grc'>611111</span> <span class='ocrx_word' id='word_1_97' title='bbox 989 1440 1120 1482; x_wconf 89' lang='grc'>11011</span> <span class='ocrx_word' id='word_1_98' title='bbox 1147 1421 1547 1482; x_wconf 87' lang='lat' dir='ltr'>deserturum</span> <span class='ocrx_word' id='word_1_99' title='bbox 1574 1421 1969 1500; x_wconf 85' lang='lat' dir='ltr'>eundemque</span> <span class='ocrx_word' id='word_1_100' title='bbox 2010 1439 2226 1482; x_wconf 84' lang='lat' dir='ltr'>casum</span> <span class='ocrx_word' id='word_1_101' title='bbox 2253 1420 2500 1482; x_wconf 85' lang='lat' dir='ltr'>subitu-</span> 
     </span>
    </p>

    <p class='ocr_par' dir='ltr' id='par_1_14' title="bbox 359 1515 2499 1598">
     <span class='ocr_line' id='line_1_14' title="bbox 359 1515 2499 1598; baseline -0.001 -20"><span class='ocrx_word' id='word_1_102' title='bbox 359 1537 524 1593; x_wconf 89' lang='lat' dir='ltr'>rum,</span> <span class='ocrx_word' id='word_1_103' title='bbox 561 1537 1019 1598; x_wconf 91' lang='lat' dir='ltr'>quemcumque</span> <span class='ocrx_word' id='word_1_104' title='bbox 1061 1516 1118 1578; x_wconf 90' lang='grc'>61</span> <span class='ocrx_word' id='word_1_105' title='bbox 1158 1517 1421 1578; x_wconf 76' lang='lat' dir='ltr'>fortuna</span> <span class='ocrx_word' id='word_1_106' title='bbox 1447 1516 1787 1581; x_wconf 85' lang='lat' dir='ltr'>tribuisset.</span> <span class='ocrx_word' id='word_1_107' title='bbox 1880 1515 2024 1578; x_wconf 92' lang='lat' dir='ltr'>Hoc</span> <span class='ocrx_word' id='word_1_108' title='bbox 2064 1515 2235 1578; x_wconf 86' lang='lat' dir='ltr'>idem</span> <span class='ocrx_word' id='word_1_109' title='bbox 2271 1516 2499 1598; x_wconf 88' lang='lat' dir='ltr'>reliqui</span> 
     </span>
    </p>

    <p class='ocr_par' dir='ltr' id='par_1_15' title="bbox 359 1607 2492 1695">
     <span class='ocr_line' id='line_1_15' title="bbox 359 1607 2492 1695; baseline 0 -21"><span class='ocrx_word' id='word_1_110' title='bbox 359 1613 580 1695; x_wconf 81' lang='lat' dir='ltr'>jurant</span> <span class='ocrx_word' id='word_1_111' title='bbox 627 1613 818 1694; x_wconf 84' lang='lat' dir='ltr'>legati</span> <span class='ocrx_word' id='word_1_112' title='bbox 848 1635 866 1691; x_wconf 84' lang='lat'>3</span> <span class='ocrx_word' id='word_1_113' title='bbox 914 1612 1160 1674; x_wconf 87' lang='lat' dir='ltr'>tribuni</span> <span class='ocrx_word' id='word_1_114' title='bbox 1209 1613 1492 1674; x_wconf 85' lang='lat' dir='ltr'>militum</span> <span class='ocrx_word' id='word_1_115' title='bbox 1549 1612 2069 1694; x_wconf 90' lang='lat' dir='ltr'>centurionesque</span> <span class='ocrx_word' id='word_1_116' title='bbox 2120 1607 2492 1693; x_wconf 81' lang='lat' dir='ltr'>sequuntur,</span> 
     </span>
    </p>

    <p class='ocr_par' dir='ltr' id='par_1_16' title="bbox 241 1709 2498 1792">
     <span class='ocr_line' id='line_1_16' title="bbox 241 1709 2498 1792; baseline -0 -19"><span class='ocrx_word' id='word_1_117' title='bbox 241 1714 319 1774; x_wconf 85' lang='lat'>15</span> <span class='ocrx_word' id='word_1_118' title='bbox 361 1713 548 1791; x_wconf 90' lang='lat' dir='ltr'>atque</span> <span class='ocrx_word' id='word_1_119' title='bbox 605 1710 772 1772; x_wconf 90' lang='lat' dir='ltr'>idem</span> <span class='ocrx_word' id='word_1_120' title='bbox 829 1710 1032 1772; x_wconf 91' lang='lat' dir='ltr'>omnis</span> <span class='ocrx_word' id='word_1_121' title='bbox 1097 1710 1408 1772; x_wconf 80' lang='lat' dir='ltr'>exercitus</span> <span class='ocrx_word' id='word_1_122' title='bbox 1460 1711 1653 1792; x_wconf 82' lang='lat' dir='ltr'>jurat.</span> <span class='ocrx_word' id='word_1_123' title='bbox 1766 1709 1991 1774; x_wconf 81' lang='lat' dir='ltr'>Caesar</span> <span class='ocrx_word' id='word_1_124' title='bbox 2042 1714 2498 1792; x_wconf 88' lang='lat' dir='ltr'>praeoccupato</span> 
     </span>
    </p>

    <p class='ocr_par' dir='ltr' id='par_1_17' title="bbox 359 1805 2501 1888">
     <span class='ocr_line' id='line_1_17' title="bbox 359 1805 2501 1888; baseline 0 -21"><span class='ocrx_word' id='word_1_125' title='bbox 359 1806 588 1870; x_wconf 86' lang='lat' dir='ltr'>itinere</span> <span class='ocrx_word' id='word_1_126' title='bbox 629 1807 711 1867; x_wconf 89' lang='lat' dir='ltr'>ad</span> <span class='ocrx_word' id='word_1_127' title='bbox 739 1805 1212 1888; x_wconf 83' lang='lat' dir='ltr'>Dyrrhachium</span> <span class='ocrx_word' id='word_1_128' title='bbox 1239 1807 1433 1869; x_wconf 89' lang='lat' dir='ltr'>finem</span> <span class='ocrx_word' id='word_1_129' title='bbox 1460 1806 1839 1887; x_wconf 89' lang='lat' dir='ltr'>properandi</span> <span class='ocrx_word' id='word_1_130' title='bbox 1866 1805 2024 1868; x_wconf 76' lang='lat' dir='ltr'>facit</span> <span class='ocrx_word' id='word_1_131' title='bbox 2052 1809 2377 1887; x_wconf 83' lang='lat' dir='ltr'>castraque</span> <span class='ocrx_word' id='word_1_132' title='bbox 2418 1807 2501 1868; x_wconf 86' lang='lat' dir='ltr'>ad</span> 
     </span>
    </p>

    <p class='ocr_par' dir='ltr' id='par_1_18' title="bbox 361 1902 2502 1987">
     <span class='ocr_line' id='line_1_18' title="bbox 361 1902 2502 1987; baseline 0 -22"><span class='ocrx_word' id='word_1_133' title='bbox 361 1903 600 1965; x_wconf 88' lang='lat' dir='ltr'>flumen</span> <span class='ocrx_word' id='word_1_134' title='bbox 649 1902 922 1987; x_wconf 25' lang='lat' dir='ltr'>Apsum.</span> <span class='ocrx_word' id='word_1_135' title='bbox 945 1903 1130 1984; x_wconf 89' lang='lat' dir='ltr'>ponit</span> <span class='ocrx_word' id='word_1_136' title='bbox 1171 1903 1240 1966; x_wconf 91' lang='lat' dir='ltr'>in</span> <span class='ocrx_word' id='word_1_137' title='bbox 1283 1903 1518 1965; x_wconf 88' lang='lat' dir='ltr'>finibus</span> <span class='ocrx_word' id='word_1_138' title='bbox 1546 1902 2078 1984; x_wconf 88' lang='lat' dir='ltr'>Apolloniatium,</span> <span class='ocrx_word' id='word_1_139' title='bbox 2111 1907 2187 1964; x_wconf 90' lang='lat' dir='ltr'>ut</span> <span class='ocrx_word' id='word_1_140' title='bbox 2228 1903 2502 1966; x_wconf 89' lang='lat' dir='ltr'>castellis</span> 
     </span>
    </p>

    <p class='ocr_par' dir='ltr' id='par_1_19' title="bbox 360 1998 2502 2081">
     <span class='ocr_line' id='line_1_19' title="bbox 360 1998 2502 2081; baseline -0.001 -19"><span class='ocrx_word' id='word_1_141' title='bbox 360 1998 715 2081; x_wconf 82' lang='lat' dir='ltr'>vigiliisque</span> <span class='ocrx_word' id='word_1_142' title='bbox 763 2000 920 2061; x_wconf 91' lang='lat' dir='ltr'>bene</span> <span class='ocrx_word' id='word_1_143' title='bbox 964 1999 1224 2062; x_wconf 87' lang='lat' dir='ltr'>meritae</span> <span class='ocrx_word' id='word_1_144' title='bbox 1274 1999 1563 2062; x_wconf 82' lang='lat' dir='ltr'>civitates</span> <span class='ocrx_word' id='word_1_145' title='bbox 1606 2002 1785 2062; x_wconf 88' lang='lat' dir='ltr'>tutae</span> <span class='ocrx_word' id='word_1_146' title='bbox 1830 2003 2054 2076; x_wconf 86' lang='lat' dir='ltr'>essent,</span> <span class='ocrx_word' id='word_1_147' title='bbox 2105 1999 2317 2080; x_wconf 87' lang='lat' dir='ltr'>ibique</span> <span class='ocrx_word' id='word_1_148' title='bbox 2357 2000 2502 2061; x_wconf 87' lang='lat' dir='ltr'>reli-</span> 
     </span>
    </p>

    <p class='ocr_par' dir='ltr' id='par_1_20' title="bbox 363 2095 2501 2178">
     <span class='ocr_line' id='line_1_20' title="bbox 363 2095 2501 2178; baseline -0 -20"><span class='ocrx_word' id='word_1_149' title='bbox 363 2115 631 2176; x_wconf 88' lang='lat' dir='ltr'>quarum</span> <span class='ocrx_word' id='word_1_150' title='bbox 659 2116 738 2157; x_wconf 84' lang='lat' dir='ltr'>ex</span> <span class='ocrx_word' id='word_1_151' title='bbox 765 2095 953 2158; x_wconf 86' lang='lat' dir='ltr'>Italia</span> <span class='ocrx_word' id='word_1_152' title='bbox 978 2097 1302 2178; x_wconf 87' lang='lat' dir='ltr'>legionum</span> <span class='ocrx_word' id='word_1_153' title='bbox 1343 2098 1691 2160; x_wconf 83' lang='lat' dir='ltr'>adventum</span> <span class='ocrx_word' id='word_1_154' title='bbox 1732 2100 2089 2176; x_wconf 82' lang='lat' dir='ltr'>exspectare</span> <span class='ocrx_word' id='word_1_155' title='bbox 2130 2099 2196 2158; x_wconf 89' lang='lat' dir='ltr'>et</span> <span class='ocrx_word' id='word_1_156' title='bbox 2224 2097 2342 2158; x_wconf 90' lang='lat' dir='ltr'>sub</span> <span class='ocrx_word' id='word_1_157' title='bbox 2368 2097 2501 2177; x_wconf 91' lang='lat' dir='ltr'>pel-</span> 
     </span>
    </p>

    <p class='ocr_par' dir='ltr' id='par_1_21' title="bbox 241 2188 2502 2273">
     <span class='ocr_line' id='line_1_21' title="bbox 241 2188 2502 2273; baseline -0 -17"><span class='ocrx_word' id='word_1_158' title='bbox 241 2197 322 2256; x_wconf 69' lang='grc'>20</span> <span class='ocrx_word' id='word_1_159' title='bbox 361 2193 528 2254; x_wconf 88' lang='lat' dir='ltr'>libus</span> <span class='ocrx_word' id='word_1_160' title='bbox 555 2192 834 2255; x_wconf 86' lang='lat' dir='ltr'>hiemare</span> <span class='ocrx_word' id='word_1_161' title='bbox 863 2193 1219 2256; x_wconf 86' lang='lat' dir='ltr'>constituit.</span> <span class='ocrx_word' id='word_1_162' title='bbox 1312 2193 1455 2256; x_wconf 91' lang='lat' dir='ltr'>Hoc</span> <span class='ocrx_word' id='word_1_163' title='bbox 1482 2193 1653 2256; x_wconf 91' lang='lat' dir='ltr'>idem</span> <span class='ocrx_word' id='word_1_164' title='bbox 1683 2193 2021 2273; x_wconf 87' lang='lat' dir='ltr'>Pompeius</span> <span class='ocrx_word' id='word_1_165' title='bbox 2049 2193 2205 2254; x_wconf 77' lang='lat' dir='ltr'>fecit</span> <span class='ocrx_word' id='word_1_166' title='bbox 2232 2196 2297 2255; x_wconf 91' lang='lat' dir='ltr'>et</span> <span class='ocrx_word' id='word_1_167' title='bbox 2322 2188 2502 2255; x_wconf 77' lang='lat' dir='ltr'>t&#39;rans</span> 
     </span>
    </p>

    <p class='ocr_par' dir='ltr' id='par_1_22' title="bbox 363 2289 2501 2370">
     <span class='ocr_line' id='line_1_22' title="bbox 363 2289 2501 2370; baseline 0 -19"><span class='ocrx_word' id='word_1_168' title='bbox 363 2289 602 2352; x_wconf 88' lang='lat' dir='ltr'>flumen</span> <span class='ocrx_word' id='word_1_169' title='bbox 623 2289 870 2370; x_wconf 85' lang='lat' dir='ltr'>Apsum</span> <span class='ocrx_word' id='word_1_170' title='bbox 892 2289 1112 2370; x_wconf 87' lang='lat' dir='ltr'>positis</span> <span class='ocrx_word' id='word_1_171' title='bbox 1140 2290 1358 2352; x_wconf 89' lang='lat' dir='ltr'>castris</span> <span class='ocrx_word' id='word_1_172' title='bbox 1388 2310 1460 2352; x_wconf 92' lang='grc'>60</span> <span class='ocrx_word' id='word_1_173' title='bbox 1488 2289 1698 2370; x_wconf 89' lang='lat' dir='ltr'>copias</span> <span class='ocrx_word' id='word_1_174' title='bbox 1727 2309 1943 2351; x_wconf 89' lang='lat' dir='ltr'>omnes</span> <span class='ocrx_word' id='word_1_175' title='bbox 1972 2289 2329 2370; x_wconf 82' lang='lat' dir='ltr'>auxiliaque</span> <span class='ocrx_word' id='word_1_176' title='bbox 2352 2309 2501 2351; x_wconf 92' lang='lat' dir='ltr'>con-</span> 
     </span>
    </p>

    <p class='ocr_par' dir='ltr' id='par_1_23' title="bbox 364 2385 2499 2468">
     <span class='ocr_line' id='line_1_23' title="bbox 364 2385 2499 2468; baseline 0 -20"><span class='ocrx_word' id='word_1_177' title='bbox 364 2385 567 2448; x_wconf 83' lang='lat' dir='ltr'>duxit.</span> <span class='ocrx_word' id='word_1_178' title='bbox 658 2386 838 2448; x_wconf 88' lang='lat' dir='ltr'>XIV.</span> <span class='ocrx_word' id='word_1_179' title='bbox 890 2385 1160 2448; x_wconf 84' lang='lat' dir='ltr'>Calenus</span> <span class='ocrx_word' id='word_1_180' title='bbox 1201 2386 1557 2468; x_wconf 85' lang='lat' dir='ltr'>legionibus</span> <span class='ocrx_word' id='word_1_181' title='bbox 1600 2386 2040 2467; x_wconf 89' lang='lat' dir='ltr'>equitibusque</span> <span class='ocrx_word' id='word_1_182' title='bbox 2084 2385 2385 2448; x_wconf 90' lang='lat' dir='ltr'>Brundisi</span> <span class='ocrx_word' id='word_1_183' title='bbox 2428 2387 2499 2448; x_wconf 90' lang='lat' dir='ltr'>in</span> 
     </span>
    </p>

    <p class='ocr_par' dir='ltr' id='par_1_24' title="bbox 363 2481 2502 2562">
     <span class='ocr_line' id='line_1_24' title="bbox 363 2481 2502 2562; baseline 0 -19"><span class='ocrx_word' id='word_1_184' title='bbox 363 2502 553 2544; x_wconf 82' lang='lat' dir='ltr'>naves</span> <span class='ocrx_word' id='word_1_185' title='bbox 607 2481 941 2562; x_wconf 87' lang='lat' dir='ltr'>impositis,</span> <span class='ocrx_word' id='word_1_186' title='bbox 996 2486 1073 2543; x_wconf 87' lang='lat' dir='ltr'>ut</span> <span class='ocrx_word' id='word_1_187' title='bbox 1121 2485 1256 2544; x_wconf 89' lang='lat' dir='ltr'>erat</span> <span class='ocrx_word' id='word_1_188' title='bbox 1304 2484 1712 2562; x_wconf 89' lang='lat' dir='ltr'>praeceptum</span> <span class='ocrx_word' id='word_1_189' title='bbox 1760 2502 1799 2543; x_wconf 89' lang='grc'>3</span> <span class='ocrx_word' id='word_1_190' title='bbox 1850 2481 2130 2558; x_wconf 83' lang='lat' dir='ltr'>Caesare,</span> <span class='ocrx_word' id='word_1_191' title='bbox 2188 2485 2502 2562; x_wconf 89' lang='lat' dir='ltr'>quantum</span> 
     </span>
    </p>

    <p class='ocr_par' dir='ltr' id='par_1_25' title="bbox 364 2578 2503 2659">
     <span class='ocr_line' id='line_1_25' title="bbox 364 2578 2503 2659; baseline 0.001 -20"><span class='ocrx_word' id='word_1_192' title='bbox 364 2578 624 2640; x_wconf 81' lang='lat' dir='ltr'>navium</span> <span class='ocrx_word' id='word_1_193' title='bbox 652 2579 1024 2641; x_wconf 80' lang='lat' dir='ltr'>facultatem</span> <span class='ocrx_word' id='word_1_194' title='bbox 1051 2578 1347 2656; x_wconf 86' lang='lat' dir='ltr'>habebat,</span> <span class='ocrx_word' id='word_1_195' title='bbox 1382 2599 1571 2642; x_wconf 83' lang='lat' dir='ltr'>naves</span> <span class='ocrx_word' id='word_1_196' title='bbox 1598 2578 1805 2654; x_wconf 81' lang='lat' dir='ltr'>solvit,</span> <span class='ocrx_word' id='word_1_197' title='bbox 1832 2580 2217 2659; x_wconf 85' lang='lat' dir='ltr'>paulumque</span> <span class='ocrx_word' id='word_1_198' title='bbox 2244 2598 2282 2639; x_wconf 87' lang='lat' dir='ltr'>a</span> <span class='ocrx_word' id='word_1_199' title='bbox 2308 2581 2503 2659; x_wconf 90' lang='lat' dir='ltr'>portu</span> 
     </span>
    </p>

    <p class='ocr_par' dir='ltr' id='par_1_26' title="bbox 245 2674 2503 2756">
     <span class='ocr_line' id='line_1_26' title="bbox 245 2674 2503 2756; baseline 0 -19"><span class='ocrx_word' id='word_1_200' title='bbox 245 2679 322 2737; x_wconf 78' lang='lat'>25</span> <span class='ocrx_word' id='word_1_201' title='bbox 363 2694 725 2756; x_wconf 89' lang='lat' dir='ltr'>progressus</span> <span class='ocrx_word' id='word_1_202' title='bbox 753 2675 997 2737; x_wconf 85' lang='lat' dir='ltr'>litteras</span> <span class='ocrx_word' id='word_1_203' title='bbox 1026 2695 1064 2736; x_wconf 91' lang='lat' dir='ltr'>a</span> <span class='ocrx_word' id='word_1_204' title='bbox 1093 2674 1351 2738; x_wconf 84' lang='lat' dir='ltr'>Caesare</span> <span class='ocrx_word' id='word_1_205' title='bbox 1380 2674 1631 2756; x_wconf 87' lang='lat' dir='ltr'>accipit,</span> <span class='ocrx_word' id='word_1_206' title='bbox 1660 2674 1887 2756; x_wconf 88' lang='lat' dir='ltr'>quibus</span> <span class='ocrx_word' id='word_1_207' title='bbox 1916 2677 2009 2736; x_wconf 89' lang='lat' dir='ltr'>est</span> <span class='ocrx_word' id='word_1_208' title='bbox 2038 2675 2266 2736; x_wconf 87' lang='lat' dir='ltr'>certior</span> <span class='ocrx_word' id='word_1_209' title='bbox 2292 2675 2503 2737; x_wconf 80' lang='lat' dir='ltr'>factus</span> 
     </span>
    </p>

    <p class='ocr_par' dir='ltr' id='par_1_27' title="bbox 364 2766 2504 2852">
     <span class='ocr_line' id='line_1_27' title="bbox 364 2766 2504 2852; baseline 0.001 -20"><span class='ocrx_word' id='word_1_210' title='bbox 364 2775 586 2851; x_wconf 88' lang='lat' dir='ltr'>portus</span> <span class='ocrx_word' id='word_1_211' title='bbox 613 2771 924 2852; x_wconf 86' lang='lat' dir='ltr'>litoraque</span> <span class='ocrx_word' id='word_1_212' title='bbox 957 2770 1171 2832; x_wconf 90' lang='lat' dir='ltr'>omnia</span> <span class='ocrx_word' id='word_1_213' title='bbox 1199 2771 1499 2834; x_wconf 85' lang='lat' dir='ltr'>classibus</span> <span class='ocrx_word' id='word_1_214' title='bbox 1528 2771 2023 2834; x_wconf 83' lang='lat' dir='ltr'>adversariorum</span> <span class='ocrx_word' id='word_1_215' title='bbox 2052 2771 2271 2834; x_wconf 90' lang='lat' dir='ltr'>teneri.</span> <span class='ocrx_word' id='word_1_216' title='bbox 2318 2766 2323 2770; x_wconf 73' lang='grc'><strong>’</strong></span> <span class='ocrx_word' id='word_1_217' title='bbox 2364 2773 2504 2847; x_wconf 80' lang='lat' dir='ltr'>Quo</span> 
     </span>
    </p>

    <p class='ocr_par' dir='ltr' id='par_1_28' title="bbox 365 2866 2505 2949">
     <span class='ocr_line' id='line_1_28' title="bbox 365 2866 2505 2949; baseline 0.001 -20"><span class='ocrx_word' id='word_1_218' title='bbox 365 2866 621 2949; x_wconf 85' lang='lat' dir='ltr'>cognito</span> <span class='ocrx_word' id='word_1_219' title='bbox 649 2887 714 2930; x_wconf 87' lang='lat' dir='ltr'>se</span> <span class='ocrx_word' id='word_1_220' title='bbox 741 2867 810 2928; x_wconf 90' lang='lat' dir='ltr'>in</span> <span class='ocrx_word' id='word_1_221' title='bbox 837 2871 1097 2947; x_wconf 91' lang='lat' dir='ltr'>portum</span> <span class='ocrx_word' id='word_1_222' title='bbox 1123 2868 1352 2949; x_wconf 89' lang='lat' dir='ltr'>recipit</span> <span class='ocrx_word' id='word_1_223' title='bbox 1380 2888 1695 2949; x_wconf 79' lang='lat' dir='ltr'>navesque</span> <span class='ocrx_word' id='word_1_224' title='bbox 1740 2888 1954 2930; x_wconf 90' lang='lat' dir='ltr'>omnes</span> <span class='ocrx_word' id='word_1_225' title='bbox 1997 2872 2263 2932; x_wconf 82' lang='lat' dir='ltr'>revocat.</span> <span class='ocrx_word' id='word_1_226' title='bbox 2352 2869 2505 2932; x_wconf 86' lang='lat' dir='ltr'>Una</span> 
     </span>
    </p>

    <p class='ocr_par' dir='ltr' id='par_1_29' title="bbox 366 2962 2505 3046">
     <span class='ocr_line' id='line_1_29' title="bbox 366 2962 2505 3046; baseline 0.001 -21"><span class='ocrx_word' id='word_1_227' title='bbox 366 2983 444 3026; x_wconf 83' lang='lat' dir='ltr'>ex</span> <span class='ocrx_word' id='word_1_228' title='bbox 482 2962 602 3039; x_wconf 89' lang='lat' dir='ltr'>his,</span> <span class='ocrx_word' id='word_1_229' title='bbox 636 2983 794 3044; x_wconf 89' lang='lat' dir='ltr'>quae</span> <span class='ocrx_word' id='word_1_230' title='bbox 841 2963 1258 3044; x_wconf 76' lang='lat' dir='ltr'>perseveravit</span> <span class='ocrx_word' id='word_1_231' title='bbox 1305 2984 1511 3046; x_wconf 90' lang='lat' dir='ltr'>neque</span> <span class='ocrx_word' id='word_1_232' title='bbox 1556 2964 1821 3045; x_wconf 90' lang='lat' dir='ltr'>imperio</span> <span class='ocrx_word' id='word_1_233' title='bbox 1852 2964 2071 3027; x_wconf 85' lang='lat' dir='ltr'>Caleni</span> <span class='ocrx_word' id='word_1_234' title='bbox 2113 2966 2505 3046; x_wconf 88' lang='lat' dir='ltr'>obtempera-</span> 
     </span>
    </p>

    <p class='ocr_par' dir='ltr' id='par_1_30' title="bbox 365 3059 2505 3142">
     <span class='ocr_line' id='line_1_30' title="bbox 365 3059 2505 3142; baseline 0.001 -19"><span class='ocrx_word' id='word_1_235' title='bbox 365 3059 481 3137; x_wconf 75' lang='lat' dir='ltr'>vit,</span> <span class='ocrx_word' id='word_1_236' title='bbox 514 3060 682 3141; x_wconf 89' lang='lat' dir='ltr'>quod</span> <span class='ocrx_word' id='word_1_237' title='bbox 711 3062 846 3121; x_wconf 87' lang='lat' dir='ltr'>erat</span> <span class='ocrx_word' id='word_1_238' title='bbox 873 3060 1007 3122; x_wconf 91' lang='lat' dir='ltr'>sine</span> <span class='ocrx_word' id='word_1_239' title='bbox 1047 3059 1358 3122; x_wconf 89' lang='lat' dir='ltr'>militibus</span> <span class='ocrx_word' id='word_1_240' title='bbox 1388 3061 1757 3142; x_wconf 86' lang='lat' dir='ltr'>privatoque</span> <span class='ocrx_word' id='word_1_241' title='bbox 1800 3061 2061 3124; x_wconf 89' lang='lat' dir='ltr'>consilio</span> <span class='ocrx_word' id='word_1_242' title='bbox 2102 3062 2505 3124; x_wconf 88' lang='lat' dir='ltr'>administra-</span> 
     </span>
    </p>

    <p class='ocr_par' dir='ltr' id='par_1_31' title="bbox 247 3156 2505 3240">
     <span class='ocr_line' id='line_1_31' title="bbox 247 3156 2505 3240; baseline 0.001 -22"><span class='ocrx_word' id='word_1_243' title='bbox 247 3159 326 3218; x_wconf 86' lang='lat'>30</span> <span class='ocrx_word' id='word_1_244' title='bbox 365 3157 574 3232; x_wconf 83' lang='lat' dir='ltr'>batur,</span> <span class='ocrx_word' id='word_1_245' title='bbox 608 3157 818 3218; x_wconf 86' lang='lat' dir='ltr'>delata</span> <span class='ocrx_word' id='word_1_246' title='bbox 846 3156 1109 3218; x_wconf 89' lang='lat' dir='ltr'>Oricum</span> <span class='ocrx_word' id='word_1_247' title='bbox 1137 3159 1326 3237; x_wconf 88' lang='lat' dir='ltr'>atque</span> <span class='ocrx_word' id='word_1_248' title='bbox 1355 3176 1395 3218; x_wconf 89' lang='lat' dir='ltr'>a</span> <span class='ocrx_word' id='word_1_249' title='bbox 1422 3156 1653 3219; x_wconf 89' lang='lat' dir='ltr'>Bibulo</span> <span class='ocrx_word' id='word_1_250' title='bbox 1698 3165 2061 3238; x_wconf 81' lang='lat' dir='ltr'>expugnata</span> <span class='ocrx_word' id='word_1_251' title='bbox 2104 3161 2197 3220; x_wconf 91' lang='lat' dir='ltr'>est</span> <span class='ocrx_word' id='word_1_252' title='bbox 2226 3180 2243 3235; x_wconf 92' lang='lat'>;</span> <span class='ocrx_word' id='word_1_253' title='bbox 2284 3159 2396 3240; x_wconf 88' lang='lat' dir='ltr'>qui</span> <span class='ocrx_word' id='word_1_254' title='bbox 2423 3160 2505 3222; x_wconf 88' lang='lat' dir='ltr'>de</span> 
     </span>
    </p>

    <p class='ocr_par' dir='ltr' id='par_1_32' title="bbox 367 3251 2503 3334">
     <span class='ocr_line' id='line_1_32' title="bbox 367 3251 2503 3334; baseline 0.001 -19"><span class='ocrx_word' id='word_1_255' title='bbox 367 3252 558 3316; x_wconf 82' lang='lat' dir='ltr'>servis</span> <span class='ocrx_word' id='word_1_256' title='bbox 585 3252 920 3334; x_wconf 88' lang='lat' dir='ltr'>liberisque</span> <span class='ocrx_word' id='word_1_257' title='bbox 949 3252 1241 3315; x_wconf 87' lang='lat' dir='ltr'>omnibus</span> <span class='ocrx_word' id='word_1_258' title='bbox 1282 3253 1364 3314; x_wconf 88' lang='lat' dir='ltr'>ad</span> <span class='ocrx_word' id='word_1_259' title='bbox 1393 3251 1749 3333; x_wconf 89' lang='lat' dir='ltr'>impuberes</span> <span class='ocrx_word' id='word_1_260' title='bbox 1792 3253 2179 3334; x_wconf 90' lang='lat' dir='ltr'>supplicium</span> <span class='ocrx_word' id='word_1_261' title='bbox 2208 3255 2405 3316; x_wconf 91' lang='lat' dir='ltr'>sumit</span> <span class='ocrx_word' id='word_1_262' title='bbox 2438 3258 2503 3317; x_wconf 89' lang='lat' dir='ltr'>et</span> 
     </span>
    </p>

    <p class='ocr_par' dir='ltr' id='par_1_33' title="bbox 368 3348 2503 3509">
     <span class='ocr_line' id='line_1_33' title="bbox 368 3348 2503 3431; baseline 0.001 -21"><span class='ocrx_word' id='word_1_263' title='bbox 368 3349 448 3410; x_wconf 90' lang='lat' dir='ltr'>ad</span> <span class='ocrx_word' id='word_1_264' title='bbox 502 3369 708 3411; x_wconf 91' lang='lat' dir='ltr'>unum</span> <span class='ocrx_word' id='word_1_265' title='bbox 761 3349 1084 3411; x_wconf 87' lang='lat' dir='ltr'>interficit.</span> <span class='ocrx_word' id='word_1_266' title='bbox 1176 3349 1280 3410; x_wconf 89' lang='lat' dir='ltr'>Ita</span> <span class='ocrx_word' id='word_1_267' title='bbox 1334 3348 1563 3431; x_wconf 85' lang='lat' dir='ltr'>exiguo</span> <span class='ocrx_word' id='word_1_268' title='bbox 1621 3353 1902 3430; x_wconf 89' lang='lat' dir='ltr'>tempore</span> <span class='ocrx_word' id='word_1_269' title='bbox 1943 3369 2298 3431; x_wconf 86' lang='lat' dir='ltr'>magnoque</span> <span class='ocrx_word' id='word_1_270' title='bbox 2354 3369 2503 3412; x_wconf 88' lang='lat' dir='ltr'>casu</span> 
     </span>
     <span class='ocr_line' id='line_1_34' title="bbox 368 3444 1432 3509; baseline 0.001 -2"><span class='ocrx_word' id='word_1_271' title='bbox 368 3444 566 3507; x_wconf 87' lang='lat' dir='ltr'>totius</span> <span class='ocrx_word' id='word_1_272' title='bbox 593 3445 904 3509; x_wconf 84' lang='lat' dir='ltr'>exercitus</span> <span class='ocrx_word' id='word_1_273' title='bbox 931 3447 1096 3509; x_wconf 89' lang='lat' dir='ltr'>salus</span> <span class='ocrx_word' id='word_1_274' title='bbox 1125 3444 1432 3508; x_wconf 86' lang='lat' dir='ltr'>constitit.</span> 
     </span>
    </p>

    <p class='ocr_par' dir='ltr' id='par_1_34' title="bbox 450 3540 2505 3622">
     <span class='ocr_line' id='line_1_35' title="bbox 450 3540 2505 3622; baseline 0.002 -20"><span class='ocrx_word' id='word_1_275' title='bbox 450 3540 594 3603; x_wconf 88' lang='lat' dir='ltr'>XV.</span> <span class='ocrx_word' id='word_1_276' title='bbox 645 3541 932 3617; x_wconf 81' lang='lat' dir='ltr'>Bibulus,</span> <span class='ocrx_word' id='word_1_277' title='bbox 965 3545 1042 3602; x_wconf 91' lang='lat' dir='ltr'>ut</span> <span class='ocrx_word' id='word_1_278' title='bbox 1069 3561 1260 3622; x_wconf 90' lang='lat' dir='ltr'>supra</span> <span class='ocrx_word' id='word_1_279' title='bbox 1289 3543 1795 3605; x_wconf 85' lang='lat' dir='ltr'>demonstratum</span> <span class='ocrx_word' id='word_1_280' title='bbox 1823 3546 1938 3619; x_wconf 88' lang='lat' dir='ltr'>est,</span> <span class='ocrx_word' id='word_1_281' title='bbox 1972 3545 2108 3606; x_wconf 89' lang='lat' dir='ltr'>erat</span> <span class='ocrx_word' id='word_1_282' title='bbox 2136 3563 2284 3606; x_wconf 89' lang='lat' dir='ltr'>cum</span> <span class='ocrx_word' id='word_1_283' title='bbox 2310 3544 2505 3607; x_wconf 89' lang='lat' dir='ltr'>classe</span> 
     </span>
    </p>

    <p class='ocr_par' dir='ltr' id='par_1_35' title="bbox 250 3637 2503 3721">
     <span class='ocr_line' id='line_1_36' title="bbox 250 3637 2503 3721; baseline 0.001 -22"><span class='ocrx_word' id='word_1_284' title='bbox 250 3641 328 3699; x_wconf 86' lang='lat'>35</span> <span class='ocrx_word' id='word_1_285' title='bbox 371 3638 452 3698; x_wconf 84' lang='lat' dir='ltr'>ad</span> <span class='ocrx_word' id='word_1_286' title='bbox 483 3637 744 3700; x_wconf 90' lang='lat' dir='ltr'>Oricum</span> <span class='ocrx_word' id='word_1_287' title='bbox 773 3640 856 3712; x_wconf 90' lang='lat' dir='ltr'>et,</span> <span class='ocrx_word' id='word_1_288' title='bbox 891 3637 1080 3699; x_wconf 89' lang='lat' dir='ltr'>sicuti</span> <span class='ocrx_word' id='word_1_289' title='bbox 1109 3638 1268 3700; x_wconf 89' lang='lat' dir='ltr'>mari</span> <span class='ocrx_word' id='word_1_290' title='bbox 1305 3638 1717 3720; x_wconf 89' lang='lat' dir='ltr'>portibusque</span> <span class='ocrx_word' id='word_1_291' title='bbox 1748 3638 2076 3702; x_wconf 82' lang='lat' dir='ltr'>Gaesarem</span> <span class='ocrx_word' id='word_1_292' title='bbox 2100 3641 2503 3721; x_wconf 87' lang='lat' dir='ltr'>prohibebat,</span> 
     </span>
    </p>

    <p class='ocr_par' dir='ltr' id='par_1_36' title="bbox 371 3731 2507 3817">
     <span class='ocr_line' id='line_1_37' title="bbox 371 3731 2507 3817; baseline 0.004 -26"><span class='ocrx_word' id='word_1_293' title='bbox 371 3731 464 3794; x_wconf 87' lang='lat' dir='ltr'>ita</span> <span class='ocrx_word' id='word_1_294' title='bbox 488 3731 620 3812; x_wconf 85' lang='lat' dir='ltr'>ipse</span> <span class='ocrx_word' id='word_1_295' title='bbox 649 3732 822 3794; x_wconf 90' lang='lat' dir='ltr'>omni</span> <span class='ocrx_word' id='word_1_296' title='bbox 843 3735 1014 3794; x_wconf 88' lang='lat' dir='ltr'>terra</span> <span class='ocrx_word' id='word_1_297' title='bbox 1040 3753 1258 3816; x_wconf 83' lang='lat' dir='ltr'>earum</span> <span class='ocrx_word' id='word_1_298' title='bbox 1287 3733 1622 3815; x_wconf 85' lang='lat' dir='ltr'>regionum</span> <span class='ocrx_word' id='word_1_299' title='bbox 1641 3735 2136 3816; x_wconf 89' lang='lat' dir='ltr'>prohibebatur;</span> <span class='ocrx_word' id='word_1_300' title='bbox 2176 3737 2507 3817; x_wconf 85' lang='lat' dir='ltr'>praesidiis</span> 
     </span>
    </p>
   </div>
  </div>
 </body>
</html>
