<?xml version="1.0" encoding="UTF-8"?>
<!DOCTYPE html PUBLIC "-//W3C//DTD XHTML 1.0 Transitional//EN"
    "http://www.w3.org/TR/xhtml1/DTD/xhtml1-transitional.dtd">
<html xmlns="http://www.w3.org/1999/xhtml" xml:lang="en" lang="en">
 <head>
  <title>
</title>
<meta http-equiv="Content-Type" content="text/html;charset=utf-8" />
  <meta name='ocr-system' content='tesseract 3.04.00' />
  <meta name='ocr-capabilities' content='ocr_page ocr_carea ocr_par ocr_line ocrx_word'/>
</head>
<body>
  <div class='ocr_page' id='page_1' title='image "./cjuliicaesarisd00perrgoog_0070.png"; bbox 0 0 2734 4167; ppageno 0'>
   <div class='ocr_carea' id='block_1_1' title="bbox 0 354 4 1040">
    <p class='ocr_par' dir='ltr' id='par_1_1' title="bbox 0 354 4 1040">
     <span class='ocr_line' id='line_1_1' title="bbox 0 354 4 1040; baseline 0 0"><span class='ocrx_word' id='word_1_1' title='bbox 0 354 4 1040; x_wconf 95' lang='lat' dir='ltr'> </span> 
     </span>
    </p>
   </div>
   <div class='ocr_carea' id='block_1_2' title="bbox 826 177 2465 264">
    <p class='ocr_par' dir='ltr' id='par_1_2' title="bbox 826 177 2465 264">
     <span class='ocr_line' id='line_1_2' title="bbox 826 177 2465 264; baseline 0.006 -33"><span class='ocrx_word' id='word_1_2' title='bbox 826 178 1061 231; x_wconf 78' lang='lat' dir='ltr'><em>OOMM.</em></span> <span class='ocrx_word' id='word_1_3' title='bbox 1100 177 1185 231; x_wconf 91' lang='lat' dir='ltr'>II.</span> <span class='ocrx_word' id='word_1_4' title='bbox 1230 177 1395 231; x_wconf 77' lang='lat' dir='ltr'><em>OAP.</em></span> <span class='ocrx_word' id='word_1_5' title='bbox 1435 177 1497 229; x_wconf 86' lang='lat' dir='ltr'>X</span> <span class='ocrx_word' id='word_1_6' title='bbox 1503 178 1676 231; x_wconf 85' lang='lat' dir='ltr'>V-X</span> <span class='ocrx_word' id='word_1_7' title='bbox 1682 178 1847 233; x_wconf 89' lang='lat' dir='ltr'><strong>VIII.</strong></span> <span class='ocrx_word' id='word_1_8' title='bbox 2110 259 2115 264; x_wconf 19' lang='grc' dir='ltr'><strong>θ</strong></span> <span class='ocrx_word' id='word_1_9' title='bbox 2386 183 2465 241; x_wconf 83' lang='grc'>59</span> 
     </span>
    </p>
   </div>
   <div class='ocr_carea' id='block_1_3' title="bbox 199 342 2466 3320">
    <p class='ocr_par' dir='ltr' id='par_1_3' title="bbox 199 342 2466 3320">
     <span class='ocr_line' id='line_1_3' title="bbox 202 342 2344 423; baseline -0.003 -13"><span class='ocrx_word' id='word_1_10' title='bbox 202 344 581 411; x_wconf 77' lang='lat' dir='ltr'>amicissime</span> <span class='ocrx_word' id='word_1_11' title='bbox 610 343 687 405; x_wconf 91' lang='lat' dir='ltr'>de</span> <span class='ocrx_word' id='word_1_12' title='bbox 718 342 977 405; x_wconf 77' lang='lat' dir='ltr'>Caesare</span> <span class='ocrx_word' id='word_1_13' title='bbox 1003 342 1379 423; x_wconf 77' lang='lat' dir='ltr'>loquebatur</span> <span class='ocrx_word' id='word_1_14' title='bbox 1405 363 1420 403; x_wconf 74' lang='grc' dir='ltr'><strong><em>ε</em></strong></span> <span class='ocrx_word' id='word_1_15' title='bbox 1462 344 1994 422; x_wconf 84' lang='lat' dir='ltr'>praeoccupatum</span> <span class='ocrx_word' id='word_1_16' title='bbox 2022 361 2151 404; x_wconf 88' lang='lat' dir='ltr'>sese</span> <span class='ocrx_word' id='word_1_17' title='bbox 2178 343 2344 423; x_wconf 88' lang='lat' dir='ltr'>lega-</span> 
     </span>
     <span class='ocr_line' id='line_1_4' title="bbox 201 438 2344 518; baseline -0.001 -14"><span class='ocrx_word' id='word_1_18' title='bbox 201 444 379 505; x_wconf 80' lang='lat' dir='ltr'>tione</span> <span class='ocrx_word' id='word_1_19' title='bbox 429 442 509 503; x_wconf 90' lang='lat' dir='ltr'>ab</span> <span class='ocrx_word' id='word_1_20' title='bbox 563 439 677 501; x_wconf 91' lang='lat' dir='ltr'>Cn.</span> <span class='ocrx_word' id='word_1_21' title='bbox 733 438 1055 518; x_wconf 84' lang='lat' dir='ltr'>PompeiO,</span> <span class='ocrx_word' id='word_1_22' title='bbox 1108 438 1309 501; x_wconf 91' lang='lat' dir='ltr'>teneri</span> <span class='ocrx_word' id='word_1_23' title='bbox 1359 439 1736 500; x_wconf 89' lang='lat' dir='ltr'>obstrictum</span> <span class='ocrx_word' id='word_1_24' title='bbox 1786 439 1949 517; x_wconf 85' lang='lat' dir='ltr'>fide3</span> <span class='ocrx_word' id='word_1_25' title='bbox 2007 439 2344 501; x_wconf 88' lang='lat' dir='ltr'>necessitu-</span> 
     </span>
     <span class='ocr_line' id='line_1_5' title="bbox 203 535 2343 617; baseline -0.002 -16"><span class='ocrx_word' id='word_1_26' title='bbox 203 539 423 601; x_wconf 85' lang='lat' dir='ltr'>dinem</span> <span class='ocrx_word' id='word_1_27' title='bbox 452 536 709 617; x_wconf 89' lang='lat' dir='ltr'>quidem</span> <span class='ocrx_word' id='word_1_28' title='bbox 737 536 852 597; x_wconf 91' lang='lat' dir='ltr'>sibi</span> <span class='ocrx_word' id='word_1_29' title='bbox 884 536 1087 596; x_wconf 75' lang='lat' dir='ltr'>nihilo</span> <span class='ocrx_word' id='word_1_30' title='bbox 1115 536 1424 597; x_wconf 83' lang='lat' dir='ltr'>minorem</span> <span class='ocrx_word' id='word_1_31' title='bbox 1454 555 1602 596; x_wconf 88' lang='lat' dir='ltr'>cum</span> <span class='ocrx_word' id='word_1_32' title='bbox 1632 535 1888 597; x_wconf 80' lang='lat' dir='ltr'>Caesare</span> <span class='ocrx_word' id='word_1_33' title='bbox 1917 535 2299 597; x_wconf 74' lang='lat' dir='ltr'>intercedere</span> <span class='ocrx_word' id='word_1_34' title='bbox 2324 557 2343 613; x_wconf 84' lang='lat'><em>3</em></span> 
     </span>
     <span class='ocr_line' id='line_1_6' title="bbox 200 631 2343 715; baseline -0.002 -18"><span class='ocrx_word' id='word_1_35' title='bbox 200 654 406 715; x_wconf 89' lang='lat' dir='ltr'>neque</span> <span class='ocrx_word' id='word_1_36' title='bbox 435 653 499 695; x_wconf 89' lang='lat' dir='ltr'>se</span> <span class='ocrx_word' id='word_1_37' title='bbox 526 633 817 714; x_wconf 89' lang='lat' dir='ltr'>ignorare</span> <span class='ocrx_word' id='word_1_38' title='bbox 847 633 1015 712; x_wconf 90' lang='lat' dir='ltr'>quod</span> <span class='ocrx_word' id='word_1_39' title='bbox 1043 634 1204 694; x_wconf 90' lang='lat' dir='ltr'>esset</span> <span class='ocrx_word' id='word_1_40' title='bbox 1247 631 1528 692; x_wconf 90' lang='lat' dir='ltr'>officium</span> <span class='ocrx_word' id='word_1_41' title='bbox 1554 632 1768 713; x_wconf 88' lang='lat' dir='ltr'>legati,</span> <span class='ocrx_word' id='word_1_42' title='bbox 1805 631 1915 712; x_wconf 91' lang='lat' dir='ltr'>qui</span> <span class='ocrx_word' id='word_1_43' title='bbox 1949 632 2343 693; x_wconf 86' lang='lat' dir='ltr'>fiduciariam</span> 
     </span>
     <span class='ocr_line' id='line_1_7' title="bbox 202 728 2460 810; baseline -0 -19"><span class='ocrx_word' id='word_1_44' title='bbox 202 749 460 810; x_wconf 89' lang='lat' dir='ltr'>operam</span> <span class='ocrx_word' id='word_1_45' title='bbox 489 728 818 803; x_wconf 88' lang='lat' dir='ltr'>obtineret,</span> <span class='ocrx_word' id='word_1_46' title='bbox 854 748 1012 808; x_wconf 88' lang='lat' dir='ltr'>quae</span> <span class='ocrx_word' id='word_1_47' title='bbox 1052 728 1214 789; x_wconf 81' lang='lat' dir='ltr'>vires</span> <span class='ocrx_word' id='word_1_48' title='bbox 1256 747 1423 803; x_wconf 86' lang='lat' dir='ltr'>suae,</span> <span class='ocrx_word' id='word_1_49' title='bbox 1457 747 1617 808; x_wconf 87' lang='lat' dir='ltr'>quae</span> <span class='ocrx_word' id='word_1_50' title='bbox 1658 728 1952 790; x_wconf 81' lang='lat' dir='ltr'>voluntas</span> <span class='ocrx_word' id='word_1_51' title='bbox 2000 747 2147 809; x_wconf 90' lang='lat' dir='ltr'>erga</span> <span class='ocrx_word' id='word_1_52' title='bbox 2193 728 2342 790; x_wconf 87' lang='lat' dir='ltr'>Cae·</span> <span class='ocrx_word' id='word_1_53' title='bbox 2425 732 2460 790; x_wconf 84' lang='lat'><em>5</em></span> 
     </span>
     <span class='ocr_line' id='line_1_8' title="bbox 205 823 2343 904; baseline 0 -17"><span class='ocrx_word' id='word_1_54' title='bbox 205 845 410 887; x_wconf 86' lang='lat' dir='ltr'>sarem</span> <span class='ocrx_word' id='word_1_55' title='bbox 437 825 637 886; x_wconf 88' lang='lat' dir='ltr'>totius</span> <span class='ocrx_word' id='word_1_56' title='bbox 672 823 1046 904; x_wconf 85' lang='lat' dir='ltr'>provinciae.</span> <span class='ocrx_word' id='word_1_57' title='bbox 1137 823 1312 886; x_wconf 86' lang='lat' dir='ltr'>Haec</span> <span class='ocrx_word' id='word_1_58' title='bbox 1340 823 1635 886; x_wconf 89' lang='lat' dir='ltr'>omnibus</span> <span class='ocrx_word' id='word_1_59' title='bbox 1674 823 1915 887; x_wconf 80' lang='lat' dir='ltr'>ferebat</span> <span class='ocrx_word' id='word_1_60' title='bbox 1955 824 2343 887; x_wconf 86' lang='lat' dir='ltr'>sermonibus</span> 
     </span>
     <span class='ocr_line' id='line_1_9' title="bbox 204 920 2342 1014; baseline 0 -32"><span class='ocrx_word' id='word_1_61' title='bbox 204 940 412 1001; x_wconf 89' lang='lat' dir='ltr'>neque</span> <span class='ocrx_word' id='word_1_62' title='bbox 440 940 503 983; x_wconf 90' lang='lat' dir='ltr'>se</span> <span class='ocrx_word' id='word_1_63' title='bbox 531 921 599 981; x_wconf 91' lang='lat' dir='ltr'>in</span> <span class='ocrx_word' id='word_1_64' title='bbox 640 921 838 981; x_wconf 90' lang='lat' dir='ltr'>ullam</span> <span class='ocrx_word' id='word_1_65' title='bbox 879 923 1125 1000; x_wconf 88' lang='lat' dir='ltr'>partem</span> <span class='ocrx_word' id='word_1_66' title='bbox 1167 921 1475 983; x_wconf 81' lang='lat' dir='ltr'>movebat.</span> <span class='ocrx_word' id='word_1_67' title='bbox 1567 920 1790 983; x_wconf 88' lang='lat' dir='ltr'>Postea</span> <span class='ocrx_word' id='word_1_68' title='bbox 1817 939 1981 996; x_wconf 81' lang='lat' dir='ltr'>vem,</span> <span class='ocrx_word' id='word_1_69' title='bbox 2007 940 2170 1014; x_wconf 68' lang='lat' dir='ltr'><em>Q</em></span> <span class='ocrx_word' id='word_1_70' title='bbox 2194 921 2342 983; x_wconf 90' lang='lat' dir='ltr'>Cae-</span> 
     </span>
     <span class='ocr_line' id='line_1_10' title="bbox 202 1016 2343 1099; baseline 0 -20"><span class='ocrx_word' id='word_1_71' title='bbox 202 1037 409 1080; x_wconf 87' lang='lat' dir='ltr'>sarem</span> <span class='ocrx_word' id='word_1_72' title='bbox 458 1018 540 1079; x_wconf 90' lang='lat' dir='ltr'>ad</span> <span class='ocrx_word' id='word_1_73' title='bbox 585 1017 928 1079; x_wconf 83' lang='lat' dir='ltr'>Massiliam</span> <span class='ocrx_word' id='word_1_74' title='bbox 975 1016 1245 1079; x_wconf 86' lang='lat' dir='ltr'>detineri</span> <span class='ocrx_word' id='word_1_75' title='bbox 1294 1016 1609 1099; x_wconf 86' lang='lat' dir='ltr'>cognovit,</span> <span class='ocrx_word' id='word_1_76' title='bbox 1657 1017 1867 1098; x_wconf 89' lang='lat' dir='ltr'>copias</span> <span class='ocrx_word' id='word_1_77' title='bbox 1912 1017 2143 1080; x_wconf 85' lang='lat' dir='ltr'>Petreii</span> <span class='ocrx_word' id='word_1_78' title='bbox 2195 1038 2343 1079; x_wconf 89' lang='lat' dir='ltr'>cum</span> 
     </span>
     <span class='ocr_line' id='line_1_11' title="bbox 202 1112 2335 1196; baseline 0 -20"><span class='ocrx_word' id='word_1_79' title='bbox 202 1112 486 1176; x_wconf 81' lang='lat' dir='ltr'>exercitu</span> <span class='ocrx_word' id='word_1_80' title='bbox 514 1113 769 1175; x_wconf 79' lang='lat' dir='ltr'>Afranii</span> <span class='ocrx_word' id='word_1_81' title='bbox 797 1132 925 1176; x_wconf 91' lang='lat' dir='ltr'>esse</span> <span class='ocrx_word' id='word_1_82' title='bbox 971 1113 1367 1194; x_wconf 85' lang='lat' dir='ltr'>conjunctas,</span> <span class='ocrx_word' id='word_1_83' title='bbox 1404 1134 1635 1196; x_wconf 88' lang='lat' dir='ltr'>magna</span> <span class='ocrx_word' id='word_1_84' title='bbox 1678 1114 1913 1175; x_wconf 83' lang='lat' dir='ltr'>auxilia</span> <span class='ocrx_word' id='word_1_85' title='bbox 1958 1115 2335 1191; x_wconf 81' lang='lat' dir='ltr'>convenisse,</span> 
     </span>
     <span class='ocr_line' id='line_1_12' title="bbox 202 1211 2461 1292; baseline 0 -21"><span class='ocrx_word' id='word_1_86' title='bbox 202 1231 438 1292; x_wconf 89' lang='lat' dir='ltr'>magna</span> <span class='ocrx_word' id='word_1_87' title='bbox 485 1230 612 1274; x_wconf 88' lang='lat' dir='ltr'>esse</span> <span class='ocrx_word' id='word_1_88' title='bbox 660 1211 731 1271; x_wconf 93' lang='lat' dir='ltr'>in</span> <span class='ocrx_word' id='word_1_89' title='bbox 780 1221 888 1291; x_wconf 86' lang='lat' dir='ltr'>spe</span> <span class='ocrx_word' id='word_1_90' title='bbox 936 1213 1123 1291; x_wconf 89' lang='lat' dir='ltr'>atque</span> <span class='ocrx_word' id='word_1_91' title='bbox 1172 1211 1536 1290; x_wconf 86' lang='lat' dir='ltr'>exspectari,</span> <span class='ocrx_word' id='word_1_92' title='bbox 1584 1214 1648 1273; x_wconf 88' lang='lat' dir='ltr'>et</span> <span class='ocrx_word' id='word_1_93' title='bbox 1691 1212 2041 1273; x_wconf 89' lang='lat' dir='ltr'>consentire</span> <span class='ocrx_word' id='word_1_94' title='bbox 2090 1231 2343 1273; x_wconf 90' lang='lat' dir='ltr'>omnem</span> <span class='ocrx_word' id='word_1_95' title='bbox 2385 1215 2461 1272; x_wconf 91' lang='grc'>10</span> 
     </span>
     <span class='ocr_line' id='line_1_13' title="bbox 202 1306 2342 1388; baseline -0.002 -19"><span class='ocrx_word' id='word_1_96' title='bbox 202 1307 562 1369; x_wconf 78' lang='lat' dir='ltr'>citeriorem</span> <span class='ocrx_word' id='word_1_97' title='bbox 614 1306 1027 1387; x_wconf 85' lang='lat' dir='ltr'>provinciam,</span> <span class='ocrx_word' id='word_1_98' title='bbox 1082 1326 1362 1388; x_wconf 89' lang='lat' dir='ltr'>quaeque</span> <span class='ocrx_word' id='word_1_99' title='bbox 1409 1309 1626 1387; x_wconf 88' lang='lat' dir='ltr'>postea</span> <span class='ocrx_word' id='word_1_100' title='bbox 1680 1308 2055 1383; x_wconf 88' lang='lat' dir='ltr'>acciderant,</span> <span class='ocrx_word' id='word_1_101' title='bbox 2107 1309 2184 1370; x_wconf 90' lang='lat' dir='ltr'>de</span> <span class='ocrx_word' id='word_1_102' title='bbox 2232 1328 2342 1369; x_wconf 91' lang='lat' dir='ltr'>an-.</span> 
     </span>
     <span class='ocr_line' id='line_1_14' title="bbox 201 1403 2343 1485; baseline 0 -19"><span class='ocrx_word' id='word_1_103' title='bbox 201 1403 432 1485; x_wconf 87' lang='lat' dir='ltr'>gustiis</span> <span class='ocrx_word' id='word_1_104' title='bbox 481 1404 563 1465; x_wconf 88' lang='lat' dir='ltr'>ad</span> <span class='ocrx_word' id='word_1_105' title='bbox 612 1403 888 1465; x_wconf 90' lang='lat' dir='ltr'>Ilerdam</span> <span class='ocrx_word' id='word_1_106' title='bbox 929 1403 1020 1466; x_wconf 91' lang='lat' dir='ltr'>rei</span> <span class='ocrx_word' id='word_1_107' title='bbox 1049 1403 1524 1480; x_wconf 76' lang='lat' dir='ltr'>frumentariae,</span> <span class='ocrx_word' id='word_1_108' title='bbox 1558 1404 1819 1484; x_wconf 89' lang='lat' dir='ltr'>accepit,</span> <span class='ocrx_word' id='word_1_109' title='bbox 1853 1406 2039 1485; x_wconf 89' lang='lat' dir='ltr'>atque</span> <span class='ocrx_word' id='word_1_110' title='bbox 2067 1405 2221 1467; x_wconf 89' lang='lat' dir='ltr'>haec</span> <span class='ocrx_word' id='word_1_111' title='bbox 2261 1406 2343 1466; x_wconf 88' lang='lat' dir='ltr'>ad</span> 
     </span>
     <span class='ocr_line' id='line_1_15' title="bbox 203 1499 2341 1583; baseline 0 -21"><span class='ocrx_word' id='word_1_112' title='bbox 203 1520 353 1562; x_wconf 92' lang='lat' dir='ltr'>eum</span> <span class='ocrx_word' id='word_1_113' title='bbox 380 1500 574 1561; x_wconf 90' lang='lat' dir='ltr'>latius</span> <span class='ocrx_word' id='word_1_114' title='bbox 603 1502 791 1580; x_wconf 90' lang='lat' dir='ltr'>atque</span> <span class='ocrx_word' id='word_1_115' title='bbox 836 1499 1119 1561; x_wconf 88' lang='lat' dir='ltr'>inflatius</span> <span class='ocrx_word' id='word_1_116' title='bbox 1162 1500 1470 1563; x_wconf 80' lang='lat' dir='ltr'>Afranius</span> <span class='ocrx_word' id='word_1_117' title='bbox 1512 1501 1953 1581; x_wconf 84' lang='lat' dir='ltr'>perscribebat,</span> <span class='ocrx_word' id='word_1_118' title='bbox 1988 1521 2051 1563; x_wconf 89' lang='lat' dir='ltr'>se</span> <span class='ocrx_word' id='word_1_119' title='bbox 2096 1522 2341 1583; x_wconf 90' lang='lat' dir='ltr'>quoque</span> 
     </span>
     <span class='ocr_line' id='line_1_16' title="bbox 202 1595 2342 1676; baseline 0.001 -19"><span class='ocrx_word' id='word_1_120' title='bbox 202 1598 286 1658; x_wconf 88' lang='lat' dir='ltr'>ad</span> <span class='ocrx_word' id='word_1_121' title='bbox 307 1600 522 1658; x_wconf 90' lang='lat' dir='ltr'>motus</span> <span class='ocrx_word' id='word_1_122' title='bbox 550 1595 846 1658; x_wconf 80' lang='lat' dir='ltr'>fortunae</span> <span class='ocrx_word' id='word_1_123' title='bbox 874 1616 1121 1659; x_wconf 82' lang='lat' dir='ltr'>movere</span> <span class='ocrx_word' id='word_1_124' title='bbox 1150 1596 1375 1676; x_wconf 81' lang='lat' dir='ltr'>coepit.</span> <span class='ocrx_word' id='word_1_125' title='bbox 1465 1596 1719 1659; x_wconf 90' lang='lat' dir='ltr'><strong>XVIII.</strong></span> <span class='ocrx_word' id='word_1_126' title='bbox 1757 1597 2091 1660; x_wconf 83' lang='lat' dir='ltr'>Delectum</span> <span class='ocrx_word' id='word_1_127' title='bbox 2118 1598 2342 1660; x_wconf 90' lang='lat' dir='ltr'>habuit</span> 
     </span>
     <span class='ocr_line' id='line_1_17' title="bbox 199 1690 2460 1774; baseline 0 -19"><span class='ocrx_word' id='word_1_128' title='bbox 199 1696 342 1755; x_wconf 84' lang='lat' dir='ltr'>tota</span> <span class='ocrx_word' id='word_1_129' title='bbox 369 1692 716 1774; x_wconf 85' lang='lat' dir='ltr'>provincia,</span> <span class='ocrx_word' id='word_1_130' title='bbox 749 1691 1104 1774; x_wconf 84' lang='lat' dir='ltr'>legionibus</span> <span class='ocrx_word' id='word_1_131' title='bbox 1132 1690 1461 1772; x_wconf 89' lang='lat' dir='ltr'>completis</span> <span class='ocrx_word' id='word_1_132' title='bbox 1490 1693 1735 1755; x_wconf 89' lang='lat' dir='ltr'>duabus</span> <span class='ocrx_word' id='word_1_133' title='bbox 1776 1693 2063 1756; x_wconf 88' lang='lat' dir='ltr'>cohortes</span> <span class='ocrx_word' id='word_1_134' title='bbox 2095 1694 2343 1756; x_wconf 87' lang='lat' dir='ltr'>circiter</span> <span class='ocrx_word' id='word_1_135' title='bbox 2384 1698 2460 1757; x_wconf 87' lang='grc'>15</span> 
     </span>
     <span class='ocr_line' id='line_1_18' title="bbox 202 1788 2335 1871; baseline 0 -20"><span class='ocrx_word' id='word_1_136' title='bbox 202 1806 357 1851; x_wconf 92' lang='lat' dir='ltr'>XXX</span> <span class='ocrx_word' id='word_1_137' title='bbox 385 1789 610 1851; x_wconf 88' lang='lat' dir='ltr'>alarias</span> <span class='ocrx_word' id='word_1_138' title='bbox 651 1789 923 1851; x_wconf 83' lang='lat' dir='ltr'>addidit..</span> <span class='ocrx_word' id='word_1_139' title='bbox 1006 1788 1339 1850; x_wconf 86' lang='lat' dir='ltr'>Frumenti</span> <span class='ocrx_word' id='word_1_140' title='bbox 1383 1807 1687 1870; x_wconf 88' lang='lat' dir='ltr'>magnum</span> <span class='ocrx_word' id='word_1_141' title='bbox 1730 1808 2068 1851; x_wconf 90' lang='lat' dir='ltr'>numerum</span> <span class='ocrx_word' id='word_1_142' title='bbox 2109 1790 2335 1871; x_wconf 65' lang='lat' dir='ltr'>coegit,</span> 
     </span>
     <span class='ocr_line' id='line_1_19' title="bbox 203 1883 2333 1967; baseline 0 -19"><span class='ocrx_word' id='word_1_143' title='bbox 203 1888 377 1967; x_wconf 92' lang='lat' dir='ltr'>quod</span> <span class='ocrx_word' id='word_1_144' title='bbox 407 1885 921 1961; x_wconf 79' lang='lat' dir='ltr'>Massiliensibus,</span> <span class='ocrx_word' id='word_1_145' title='bbox 954 1885 1110 1947; x_wconf 90' lang='lat' dir='ltr'>item</span> <span class='ocrx_word' id='word_1_146' title='bbox 1138 1885 1309 1965; x_wconf 88' lang='lat' dir='ltr'>quod</span> <span class='ocrx_word' id='word_1_147' title='bbox 1336 1883 1608 1947; x_wconf 63' lang='lat' dir='ltr'>Afranio</span> <span class='ocrx_word' id='word_1_148' title='bbox 1632 1885 2007 1965; x_wconf 45' lang='lat' dir='ltr'>‚Petreioque</span> <span class='ocrx_word' id='word_1_149' title='bbox 2036 1886 2333 1948; x_wconf 88' lang='lat' dir='ltr'>mitteret.</span> 
     </span>
     <span class='ocr_line' id='line_1_20' title="bbox 202 1981 2343 2064; baseline -0 -19"><span class='ocrx_word' id='word_1_150' title='bbox 202 1984 269 2045; x_wconf 82' lang='lat' dir='ltr'>N</span> <span class='ocrx_word' id='word_1_151' title='bbox 270 2003 417 2045; x_wconf 85' lang='lat' dir='ltr'>aves</span> <span class='ocrx_word' id='word_1_152' title='bbox 457 1984 678 2064; x_wconf 89' lang='lat' dir='ltr'>longas</span> <span class='ocrx_word' id='word_1_153' title='bbox 707 1999 754 2043; x_wconf 92' lang='lat' dir='ltr'>X</span> <span class='ocrx_word' id='word_1_154' title='bbox 786 1981 1116 2045; x_wconf 82' lang='lat' dir='ltr'>Gaditanis</span> <span class='ocrx_word' id='word_1_155' title='bbox 1156 1984 1232 2043; x_wconf 85' lang='lat' dir='ltr'>ut</span> <span class='ocrx_word' id='word_1_156' title='bbox 1254 1981 1560 2043; x_wconf 77' lang='lat' dir='ltr'>‚facerent</span> <span class='ocrx_word' id='word_1_157' title='bbox 1602 1981 1956 2061; x_wconf 82' lang='lat' dir='ltr'>imperavit,</span> <span class='ocrx_word' id='word_1_158' title='bbox 1992 1983 2343 2062; x_wconf 83' lang='lat' dir='ltr'>complures</span> 
     </span>
     <span class='ocr_line' id='line_1_21' title="bbox 199 2066 2342 2161; baseline -0.001 -20"><span class='ocrx_word' id='word_1_159' title='bbox 199 2083 531 2161; x_wconf 89' lang='lat' dir='ltr'>praeterea</span> <span class='ocrx_word' id='word_1_160' title='bbox 559 2066 809 2159; x_wconf 87' lang='lat' dir='ltr'>Hispali</span> <span class='ocrx_word' id='word_1_161' title='bbox 837 2078 1160 2141; x_wconf 82' lang='lat' dir='ltr'>faciendas</span> <span class='ocrx_word' id='word_1_162' title='bbox 1188 2077 1453 2140; x_wconf 85' lang='lat' dir='ltr'>curavit.</span> <span class='ocrx_word' id='word_1_163' title='bbox 1547 2077 1892 2140; x_wconf 89' lang='lat' dir='ltr'>Pecuniam</span> <span class='ocrx_word' id='word_1_164' title='bbox 1918 2099 2170 2140; x_wconf 89' lang='lat' dir='ltr'>omnem</span> <span class='ocrx_word' id='word_1_165' title='bbox 2212 2099 2342 2140; x_wconf 93' lang='lat' dir='ltr'>om-</span> 
     </span>
     <span class='ocr_line' id='line_1_22' title="bbox 201 2174 2464 2257; baseline -0 -19"><span class='ocrx_word' id='word_1_166' title='bbox 201 2177 437 2257; x_wconf 85' lang='lat' dir='ltr'>niaque</span> <span class='ocrx_word' id='word_1_167' title='bbox 487 2178 859 2237; x_wconf 88' lang='lat' dir='ltr'>ornamenta</span> <span class='ocrx_word' id='word_1_168' title='bbox 906 2195 982 2238; x_wconf 90' lang='lat' dir='ltr'>ex</span> <span class='ocrx_word' id='word_1_169' title='bbox 1020 2174 1175 2237; x_wconf 78' lang='lat' dir='ltr'>fano</span> <span class='ocrx_word' id='word_1_170' title='bbox 1204 2174 1501 2237; x_wconf 89' lang='lat' dir='ltr'>Herculis</span> <span class='ocrx_word' id='word_1_171' title='bbox 1527 2174 1597 2236; x_wconf 91' lang='lat' dir='ltr'>in</span> <span class='ocrx_word' id='word_1_172' title='bbox 1626 2174 1935 2255; x_wconf 89' lang='lat' dir='ltr'>oppidum</span> <span class='ocrx_word' id='word_1_173' title='bbox 1966 2175 2157 2238; x_wconf 83' lang='lat' dir='ltr'>Gadis</span> <span class='ocrx_word' id='word_1_174' title='bbox 2195 2195 2341 2237; x_wconf 90' lang='lat' dir='ltr'>con·</span> <span class='ocrx_word' id='word_1_175' title='bbox 2384 2180 2464 2237; x_wconf 80' lang='lat'>20</span> 
     </span>
     <span class='ocr_line' id='line_1_23' title="bbox 201 2270 2343 2351; baseline -0.001 -16"><span class='ocrx_word' id='word_1_176' title='bbox 201 2274 408 2351; x_wconf 81' lang='lat' dir='ltr'>tulit3</span> <span class='ocrx_word' id='word_1_177' title='bbox 450 2291 522 2335; x_wconf 89' lang='lat' dir='ltr'>eo</span> <span class='ocrx_word' id='word_1_178' title='bbox 573 2291 678 2333; x_wconf 85' lang='lat' dir='ltr'>sex</span> <span class='ocrx_word' id='word_1_179' title='bbox 735 2272 1020 2333; x_wconf 85' lang='lat' dir='ltr'>cohortes</span> <span class='ocrx_word' id='word_1_180' title='bbox 1073 2270 1369 2350; x_wconf 81' lang='lat' dir='ltr'>praesidii</span> <span class='ocrx_word' id='word_1_181' title='bbox 1426 2289 1611 2333; x_wconf 87' lang='lat' dir='ltr'>causa</span> <span class='ocrx_word' id='word_1_182' title='bbox 1665 2291 1740 2333; x_wconf 85' lang='lat' dir='ltr'>ex</span> <span class='ocrx_word' id='word_1_183' title='bbox 1794 2271 2117 2351; x_wconf 85' lang='lat' dir='ltr'>provincia</span> <span class='ocrx_word' id='word_1_184' title='bbox 2169 2271 2343 2333; x_wconf 88' lang='lat' dir='ltr'>misit</span> 
     </span>
     <span class='ocr_line' id='line_1_24' title="bbox 206 2366 2344 2448; baseline -0.001 -17"><span class='ocrx_word' id='word_1_185' title='bbox 206 2369 566 2448; x_wconf 90' lang='lat' dir='ltr'>Gaiumque</span> <span class='ocrx_word' id='word_1_186' title='bbox 618 2366 1003 2442; x_wconf 82' lang='lat' dir='ltr'>Gallonium,</span> <span class='ocrx_word' id='word_1_187' title='bbox 1053 2366 1330 2446; x_wconf 89' lang='lat' dir='ltr'>equitem</span> <span class='ocrx_word' id='word_1_188' title='bbox 1380 2367 1761 2442; x_wconf 83' lang='lat' dir='ltr'>Romanum,</span> <span class='ocrx_word' id='word_1_189' title='bbox 1798 2367 2176 2429; x_wconf 79' lang='lat' dir='ltr'>familiarem</span> <span class='ocrx_word' id='word_1_190' title='bbox 2217 2367 2344 2428; x_wconf 92' lang='lat' dir='ltr'>Do-</span> 
     </span>
     <span class='ocr_line' id='line_1_25' title="bbox 203 2463 2344 2544; baseline -0.001 -17"><span class='ocrx_word' id='word_1_191' title='bbox 203 2465 396 2541; x_wconf 89' lang='lat' dir='ltr'>mitii,</span> <span class='ocrx_word' id='word_1_192' title='bbox 433 2464 544 2544; x_wconf 89' lang='lat' dir='ltr'>qui</span> <span class='ocrx_word' id='word_1_193' title='bbox 573 2484 644 2526; x_wconf 89' lang='lat' dir='ltr'>eo</span> <span class='ocrx_word' id='word_1_194' title='bbox 671 2463 1101 2543; x_wconf 88' lang='lat' dir='ltr'>procurandae</span> <span class='ocrx_word' id='word_1_195' title='bbox 1127 2463 1498 2526; x_wconf 88' lang='lat' dir='ltr'>hereditatis</span> <span class='ocrx_word' id='word_1_196' title='bbox 1532 2483 1717 2525; x_wconf 87' lang='lat' dir='ltr'>causa</span> <span class='ocrx_word' id='word_1_197' title='bbox 1758 2466 2012 2526; x_wconf 85' lang='lat' dir='ltr'>venerat</span> <span class='ocrx_word' id='word_1_198' title='bbox 2039 2463 2263 2526; x_wconf 89' lang='lat' dir='ltr'>missus</span> <span class='ocrx_word' id='word_1_199' title='bbox 2307 2484 2344 2525; x_wconf 91' lang='lat' dir='ltr'>a</span> 
     </span>
     <span class='ocr_line' id='line_1_26' title="bbox 204 2560 2342 2641; baseline 0 -19"><span class='ocrx_word' id='word_1_200' title='bbox 204 2561 518 2636; x_wconf 74' lang='lat' dir='ltr'>Domitio,</span> <span class='ocrx_word' id='word_1_201' title='bbox 553 2560 787 2640; x_wconf 90' lang='lat' dir='ltr'>oppido</span> <span class='ocrx_word' id='word_1_202' title='bbox 804 2560 1100 2623; x_wconf 80' lang='lat' dir='ltr'>&#39;Gadibus</span> <span class='ocrx_word' id='word_1_203' title='bbox 1128 2561 1474 2641; x_wconf 79' lang='lat' dir='ltr'>praefecit3</span> <span class='ocrx_word' id='word_1_204' title='bbox 1516 2581 1690 2622; x_wconf 89' lang='lat' dir='ltr'>arma</span> <span class='ocrx_word' id='word_1_205' title='bbox 1731 2561 1945 2622; x_wconf 86' lang='lat' dir='ltr'>omnia</span> <span class='ocrx_word' id='word_1_206' title='bbox 1984 2560 2230 2641; x_wconf 88' lang='lat' dir='ltr'>privata</span> <span class='ocrx_word' id='word_1_207' title='bbox 2271 2582 2342 2623; x_wconf 91' lang='lat' dir='ltr'>ac</span> 
     </span>
     <span class='ocr_line' id='line_1_27' title="bbox 202 2645 2461 2739; baseline 0.001 -21"><span class='ocrx_word' id='word_1_208' title='bbox 202 2657 466 2739; x_wconf 86' lang='lat' dir='ltr'>publica</span> <span class='ocrx_word' id='word_1_209' title='bbox 492 2656 563 2717; x_wconf 91' lang='lat' dir='ltr'>in</span> <span class='ocrx_word' id='word_1_210' title='bbox 591 2658 854 2718; x_wconf 90' lang='lat' dir='ltr'>domum</span> <span class='ocrx_word' id='word_1_211' title='bbox 885 2656 1130 2718; x_wconf 89' lang='lat' dir='ltr'>Galloni</span> <span class='ocrx_word' id='word_1_212' title='bbox 1177 2658 1467 2719; x_wconf 87' lang='lat' dir='ltr'>contulit.</span> <span class='ocrx_word' id='word_1_213' title='bbox 1558 2657 1702 2737; x_wconf 90' lang='lat' dir='ltr'>Ipse</span> <span class='ocrx_word' id='word_1_214' title='bbox 1745 2657 1970 2718; x_wconf 89' lang='lat' dir='ltr'>habuit</span> <span class='ocrx_word' id='word_1_215' title='bbox 2016 2677 2233 2738; x_wconf 82' lang='lat' dir='ltr'>graves</span> <span class='ocrx_word' id='word_1_216' title='bbox 2273 2645 2343 2720; x_wconf 83' lang='lat' dir='ltr'>in</span> <span class='ocrx_word' id='word_1_217' title='bbox 2385 2663 2461 2721; x_wconf 81' lang='lat'>25</span> 
     </span>
     <span class='ocr_line' id='line_1_28' title="bbox 208 2751 2345 2833; baseline 0 -16"><span class='ocrx_word' id='word_1_218' title='bbox 208 2755 542 2817; x_wconf 87' lang='lat' dir='ltr'>Caesarem</span> <span class='ocrx_word' id='word_1_219' title='bbox 569 2753 910 2815; x_wconf 86' lang='lat' dir='ltr'>contiones.</span> <span class='ocrx_word' id='word_1_220' title='bbox 1002 2751 1196 2833; x_wconf 81' lang='lat' dir='ltr'>Saepe</span> <span class='ocrx_word' id='word_1_221' title='bbox 1225 2773 1301 2815; x_wconf 84' lang='lat' dir='ltr'>ex</span> <span class='ocrx_word' id='word_1_222' title='bbox 1326 2753 1633 2815; x_wconf 85' lang='lat' dir='ltr'>tribunali</span> <span class='ocrx_word' id='word_1_223' title='bbox 1661 2754 2047 2833; x_wconf 82' lang='lat' dir='ltr'>praedicavit</span> <span class='ocrx_word' id='word_1_224' title='bbox 2088 2757 2345 2818; x_wconf 86' lang='lat' dir='ltr'>adversa</span> 
     </span>
     <span class='ocr_line' id='line_1_29' title="bbox 207 2849 2344 2931; baseline 0 -18"><span class='ocrx_word' id='word_1_225' title='bbox 207 2850 540 2913; x_wconf 89' lang='lat' dir='ltr'>Caesarem</span> <span class='ocrx_word' id='word_1_226' title='bbox 567 2849 805 2929; x_wconf 88' lang='lat' dir='ltr'>proelia</span> <span class='ocrx_word' id='word_1_227' title='bbox 831 2849 1069 2925; x_wconf 80' lang='lat' dir='ltr'>fecisse,</span> <span class='ocrx_word' id='word_1_228' title='bbox 1103 2870 1410 2931; x_wconf 88' lang='lat' dir='ltr'>magnum</span> <span class='ocrx_word' id='word_1_229' title='bbox 1437 2871 1776 2912; x_wconf 89' lang='lat' dir='ltr'>numerum</span> <span class='ocrx_word' id='word_1_230' title='bbox 1824 2852 1902 2911; x_wconf 89' lang='lat' dir='ltr'>ab</span> <span class='ocrx_word' id='word_1_231' title='bbox 1947 2871 2020 2913; x_wconf 92' lang='lat' dir='ltr'>eo</span> <span class='ocrx_word' id='word_1_232' title='bbox 2064 2852 2344 2913; x_wconf 89' lang='lat' dir='ltr'>militum</span> 
     </span>
     <span class='ocr_line' id='line_1_30' title="bbox 205 2946 2345 3028; baseline 0 -19"><span class='ocrx_word' id='word_1_233' title='bbox 205 2949 290 3009; x_wconf 88' lang='lat' dir='ltr'>ad</span> <span class='ocrx_word' id='word_1_234' title='bbox 317 2946 667 3008; x_wconf 77' lang='lat' dir='ltr'>Afranium</span> <span class='ocrx_word' id='word_1_235' title='bbox 693 2946 1040 3028; x_wconf 76' lang='lat' dir='ltr'>perfugisse</span> <span class='ocrx_word' id='word_1_236' title='bbox 1068 2967 1082 3008; x_wconf 77' lang='grc' dir='ltr'><strong>ε</strong></span> <span class='ocrx_word' id='word_1_237' title='bbox 1124 2947 1279 3009; x_wconf 89' lang='lat' dir='ltr'>haec</span> <span class='ocrx_word' id='word_1_238' title='bbox 1308 2966 1372 3009; x_wconf 91' lang='lat' dir='ltr'>se</span> <span class='ocrx_word' id='word_1_239' title='bbox 1402 2947 1587 3008; x_wconf 82' lang='lat' dir='ltr'>certis</span> <span class='ocrx_word' id='word_1_240' title='bbox 1613 2947 1879 3023; x_wconf 88' lang='lat' dir='ltr'>nuntiis,</span> <span class='ocrx_word' id='word_1_241' title='bbox 1915 2948 2099 3010; x_wconf 86' lang='lat' dir='ltr'>certis</span> <span class='ocrx_word' id='word_1_242' title='bbox 2131 2951 2345 3011; x_wconf 88' lang='lat' dir='ltr'>aucto—</span> 
     </span>
     <span class='ocr_line' id='line_1_31' title="bbox 205 3043 2345 3125; baseline 0 -18"><span class='ocrx_word' id='word_1_243' title='bbox 205 3047 385 3108; x_wconf 91' lang='lat' dir='ltr'>ribus</span> <span class='ocrx_word' id='word_1_244' title='bbox 430 3043 820 3125; x_wconf 89' lang='lat' dir='ltr'>comperisse.</span> <span class='ocrx_word' id='word_1_245' title='bbox 911 3043 1153 3119; x_wconf 79' lang='lat' dir='ltr'>Quibus</span> <span class='ocrx_word' id='word_1_246' title='bbox 1195 3046 1381 3107; x_wconf 92' lang='lat' dir='ltr'>rebus</span> <span class='ocrx_word' id='word_1_247' title='bbox 1424 3044 1787 3124; x_wconf 86' lang='lat' dir='ltr'>perterritos</span> <span class='ocrx_word' id='word_1_248' title='bbox 1831 3045 1993 3106; x_wconf 86' lang='lat' dir='ltr'>cives</span> <span class='ocrx_word' id='word_1_249' title='bbox 2030 3046 2345 3107; x_wconf 84' lang='lat' dir='ltr'>Romanos</span> 
     </span>
     <span class='ocr_line' id='line_1_32' title="bbox 206 3140 2466 3223; baseline 0 -19"><span class='ocrx_word' id='word_1_250' title='bbox 206 3143 349 3223; x_wconf 80' lang='lat' dir='ltr'>ejus</span> <span class='ocrx_word' id='word_1_251' title='bbox 394 3141 758 3222; x_wconf 83' lang='lat' dir='ltr'>provinciae</span> <span class='ocrx_word' id='word_1_252' title='bbox 807 3141 923 3203; x_wconf 90' lang='lat' dir='ltr'>sibi</span> <span class='ocrx_word' id='word_1_253' title='bbox 972 3142 1054 3203; x_wconf 88' lang='lat' dir='ltr'>ad</span> <span class='ocrx_word' id='word_1_254' title='bbox 1101 3142 1563 3222; x_wconf 88' lang='lat' dir='ltr'>rempublicam</span> <span class='ocrx_word' id='word_1_255' title='bbox 1618 3140 2186 3203; x_wconf 88' lang='lat' dir='ltr'>administrandam</span> <span class='ocrx_word' id='word_1_256' title='bbox 2255 3155 2344 3203; x_wconf 79' lang='lat' dir='ltr'>Hs</span> <span class='ocrx_word' id='word_1_257' title='bbox 2386 3146 2466 3205; x_wconf 87' lang='lat'>30</span> 
     </span>
     <span class='ocr_line' id='line_1_33' title="bbox 208 3238 2346 3320; baseline 0 -20"><span class='ocrx_word' id='word_1_258' title='bbox 208 3256 444 3301; x_wconf 77' lang='lat' dir='ltr'>CLXXX</span> <span class='ocrx_word' id='word_1_259' title='bbox 472 3242 538 3301; x_wconf 85' lang='lat' dir='ltr'>et</span> <span class='ocrx_word' id='word_1_260' title='bbox 580 3239 826 3320; x_wconf 85' lang='lat' dir='ltr'>argenti</span> <span class='ocrx_word' id='word_1_261' title='bbox 867 3241 1080 3318; x_wconf 92' lang='lat' dir='ltr'>pondo</span> <span class='ocrx_word' id='word_1_262' title='bbox 1124 3255 1222 3299; x_wconf 94' lang='lat' dir='ltr'>XX</span> <span class='ocrx_word' id='word_1_263' title='bbox 1249 3239 1446 3315; x_wconf 90' lang='lat' dir='ltr'>milia,</span> <span class='ocrx_word' id='word_1_264' title='bbox 1484 3238 1683 3300; x_wconf 89' lang='lat' dir='ltr'>tritici</span> <span class='ocrx_word' id='word_1_265' title='bbox 1713 3238 1954 3299; x_wconf 91' lang='lat' dir='ltr'>modios</span> <span class='ocrx_word' id='word_1_266' title='bbox 1998 3255 2137 3318; x_wconf 78' lang='lat' dir='ltr'>CXX</span> <span class='ocrx_word' id='word_1_267' title='bbox 2169 3239 2346 3300; x_wconf 89' lang='lat' dir='ltr'>milia</span> 
     </span>
    </p>
   </div>
   <div class='ocr_carea' id='block_1_4' title="bbox 66 3333 2345 3416">
    <p class='ocr_par' dir='ltr' id='par_1_4' title="bbox 66 3333 2345 3416">
     <span class='ocr_line' id='line_1_34' title="bbox 66 3333 2345 3416; baseline -0 -20"><span class='ocrx_word' id='word_1_268' title='bbox 66 3392 81 3403; x_wconf 87' lang='grc'><strong><em>,</em></strong></span> <span class='ocrx_word' id='word_1_269' title='bbox 205 3334 493 3416; x_wconf 85' lang='lat' dir='ltr'>polliceri</span> <span class='ocrx_word' id='word_1_270' title='bbox 523 3334 752 3416; x_wconf 71' lang='lat' dir='ltr'>coegit.</span> <span class='ocrx_word' id='word_1_271' title='bbox 843 3333 1010 3409; x_wconf 78' lang='lat' dir='ltr'>Quas</span> <span class='ocrx_word' id='word_1_272' title='bbox 1040 3334 1288 3397; x_wconf 81' lang='lat' dir='ltr'>Caesari</span> <span class='ocrx_word' id='word_1_273' title='bbox 1317 3356 1449 3397; x_wconf 89' lang='lat' dir='ltr'>esse</span> <span class='ocrx_word' id='word_1_274' title='bbox 1485 3335 1717 3397; x_wconf 88' lang='lat' dir='ltr'>amicas</span> <span class='ocrx_word' id='word_1_275' title='bbox 1760 3334 2045 3396; x_wconf 82' lang='lat' dir='ltr'>civitates</span> <span class='ocrx_word' id='word_1_276' title='bbox 2085 3336 2345 3397; x_wconf 56' lang='lat' dir='ltr'>arbitra</span> 
     </span>
    </p>
   </div>
   <div class='ocr_carea' id='block_1_5' title="bbox 205 3430 2463 3803">
    <p class='ocr_par' dir='ltr' id='par_1_5' title="bbox 205 3430 2463 3803">
     <span class='ocr_line' id='line_1_35' title="bbox 206 3430 2346 3512; baseline 0 -19"><span class='ocrx_word' id='word_1_277' title='bbox 206 3432 416 3508; x_wconf 89' lang='lat' dir='ltr'>batur,</span> <span class='ocrx_word' id='word_1_278' title='bbox 463 3431 566 3493; x_wconf 91' lang='lat' dir='ltr'>his</span> <span class='ocrx_word' id='word_1_279' title='bbox 621 3430 907 3512; x_wconf 78' lang='lat' dir='ltr'>graviora</span> <span class='ocrx_word' id='word_1_280' title='bbox 961 3450 1150 3493; x_wconf 88' lang='lat' dir='ltr'>onera</span> <span class='ocrx_word' id='word_1_281' title='bbox 1204 3431 1583 3512; x_wconf 82' lang='lat' dir='ltr'>injungebat</span> <span class='ocrx_word' id='word_1_282' title='bbox 1636 3430 2066 3512; x_wconf 87' lang='lat' dir='ltr'>praesidiaque</span> <span class='ocrx_word' id='word_1_283' title='bbox 2114 3452 2187 3494; x_wconf 92' lang='lat' dir='ltr'>eo</span> <span class='ocrx_word' id='word_1_284' title='bbox 2241 3432 2346 3493; x_wconf 90' lang='lat' dir='ltr'>de-</span> 
     </span>
     <span class='ocr_line' id='line_1_36' title="bbox 205 3526 2344 3608; baseline 0 -19"><span class='ocrx_word' id='word_1_285' title='bbox 205 3529 480 3591; x_wconf 91' lang='lat' dir='ltr'>ducebat</span> <span class='ocrx_word' id='word_1_286' title='bbox 530 3530 595 3590; x_wconf 87' lang='lat' dir='ltr'>ct</span> <span class='ocrx_word' id='word_1_287' title='bbox 647 3526 891 3608; x_wconf 84' lang='lat' dir='ltr'>judicia</span> <span class='ocrx_word' id='word_1_288' title='bbox 936 3527 1006 3587; x_wconf 91' lang='lat' dir='ltr'>in</span> <span class='ocrx_word' id='word_1_289' title='bbox 1053 3527 1329 3607; x_wconf 88' lang='lat' dir='ltr'>privatos</span> <span class='ocrx_word' id='word_1_290' title='bbox 1377 3529 1723 3605; x_wconf 86' lang='lat' dir='ltr'>reddebat3</span> <span class='ocrx_word' id='word_1_291' title='bbox 1766 3527 1873 3607; x_wconf 89' lang='lat' dir='ltr'>qui</span> <span class='ocrx_word' id='word_1_292' title='bbox 1921 3530 2111 3591; x_wconf 86' lang='lat' dir='ltr'>verba</span> <span class='ocrx_word' id='word_1_293' title='bbox 2158 3531 2344 3606; x_wconf 88' lang='lat' dir='ltr'>atque</span> 
     </span>
     <span class='ocr_line' id='line_1_37' title="bbox 206 3622 2463 3703; baseline -0.001 -16"><span class='ocrx_word' id='word_1_294' title='bbox 206 3625 561 3687; x_wconf 90' lang='lat' dir='ltr'>orationem</span> <span class='ocrx_word' id='word_1_295' title='bbox 589 3625 885 3686; x_wconf 85' lang='lat' dir='ltr'>adversus</span> <span class='ocrx_word' id='word_1_296' title='bbox 912 3624 1372 3703; x_wconf 86' lang='lat' dir='ltr'>rempublicam</span> <span class='ocrx_word' id='word_1_297' title='bbox 1413 3623 1798 3698; x_wconf 87' lang='lat' dir='ltr'>habuissent,</span> <span class='ocrx_word' id='word_1_298' title='bbox 1832 3642 2047 3685; x_wconf 91' lang='lat' dir='ltr'>eorum</span> <span class='ocrx_word' id='word_1_299' title='bbox 2074 3625 2239 3686; x_wconf 90' lang='lat' dir='ltr'>bona</span> <span class='ocrx_word' id='word_1_300' title='bbox 2274 3622 2345 3683; x_wconf 88' lang='lat' dir='ltr'>in</span> <span class='ocrx_word' id='word_1_301' title='bbox 2386 3628 2463 3685; x_wconf 82' lang='lat'>35</span> 
     </span>
     <span class='ocr_line' id='line_1_38' title="bbox 205 3717 2342 3803; baseline -0.003 -20"><span class='ocrx_word' id='word_1_302' title='bbox 205 3721 542 3803; x_wconf 89' lang='lat' dir='ltr'>publicum</span> <span class='ocrx_word' id='word_1_303' title='bbox 570 3717 922 3781; x_wconf 87' lang='lat' dir='ltr'>addicebat.</span> <span class='ocrx_word' id='word_1_304' title='bbox 1015 3718 1411 3781; x_wconf 85' lang='lat' dir='ltr'>Provinciam</span> <span class='ocrx_word' id='word_1_305' title='bbox 1448 3738 1701 3780; x_wconf 90' lang='lat' dir='ltr'>omnem</span> <span class='ocrx_word' id='word_1_306' title='bbox 1727 3718 1797 3779; x_wconf 92' lang='lat' dir='ltr'>in</span> <span class='ocrx_word' id='word_1_307' title='bbox 1825 3738 1938 3780; x_wconf 91' lang='lat' dir='ltr'>sua</span> <span class='ocrx_word' id='word_1_308' title='bbox 1965 3722 2028 3781; x_wconf 93' lang='lat' dir='ltr'>et</span> <span class='ocrx_word' id='word_1_309' title='bbox 2058 3717 2342 3796; x_wconf 88' lang='lat' dir='ltr'>Pompeii</span> 
     </span>
    </p>
   </div>
  </div>
 </body>
</html>
